,trade_id,ticker,count,created_time,yes_price,no_price,taker_side
0,9052b720-2f60-4216-bda1-b75b53b500c2,KXGDPYEAR-25-T5.0,841,2025-07-07T23:15:31.762512Z,1,99,yes
1,55404de6-a597-4436-ab1e-9ed29772c48a,KXGDPYEAR-25-T5.0,4,2025-04-22T12:30:43.166295Z,1,99,yes
2,512b7bf0-9734-4896-937c-2f934eeaac62,KXGDPYEAR-25-T5.0,100,2025-04-09T02:20:27.997765Z,1,99,yes
3,af3624bd-9952-43d8-bf77-bc007bb22a0e,KXGDPYEAR-25-T5.0,100,2025-02-25T03:55:11.805387Z,3,97,yes
4,6c74005f-e78a-48ff-ac3d-ce95eab67f3a,KXGDPYEAR-25-T5.0,79,2025-02-21T19:43:43.083531Z,3,97,yes
5,85c2e14a-2d30-4bb7-a87f-73ac19f05a4c,KXGDPYEAR-25-T5.0,4,2025-02-20T03:41:11.773364Z,3,97,yes
6,78e06777-6bc1-44fb-88a0-f33d99024d92,KXGDPYEAR-25-T5.0,17,2025-02-20T03:40:28.145787Z,3,97,yes
7,f5143237-2ea7-4cc0-841b-70f4e2ff8c38,KXGDPYEAR-25-T5.0,502,2025-02-14T19:44:33.206712Z,3,97,no
8,f0e0abc2-4a74-4a53-9ef2-3ace80dd6d7a,KXGDPYEAR-25-T5.0,55,2025-02-14T19:44:33.206712Z,3,97,no
9,a6a50c99-e4e0-4b0d-8278-3d5e09cc0c85,KXGDPYEAR-25-T5.0,374,2025-02-14T19:44:33.206712Z,3,97,no
10,a531a492-a8b1-4ab9-a800-e663be704a5f,KXGDPYEAR-25-T5.0,10,2025-02-10T02:41:48.72192Z,3,97,no
11,ef9e7495-f330-497c-bf81-46fa60240488,KXGDPYEAR-25-T5.0,614,2025-02-02T03:57:43.080633Z,3,97,no
12,4aba6f18-18f5-4d34-9c1d-9c4731866aa6,KXGDPYEAR-25-T5.0,8899,2025-02-02T03:57:43.080633Z,3,97,no
13,d2ea0de5-c337-412e-a692-33336b78de0a,KXGDPYEAR-25-T5.0,500,2025-02-01T13:09:17.335805Z,4,96,no
14,3232c20d-02d2-4249-ad8c-bce176da6b1e,KXGDPYEAR-25-T5.0,520,2025-01-31T01:27:19.576004Z,5,95,no
15,430103ed-ea43-4da6-9cad-9395af6891eb,KXGDPYEAR-25-T5.0,100,2025-01-30T13:32:25.110739Z,5,95,no
16,e4c4c26f-10fe-4f38-9f7b-27dfa48762ec,KXGDPYEAR-25-T5.0,91,2025-01-22T20:17:36.386542Z,3,97,no
17,04dee15e-9611-4a62-a8cd-0f9e6e0a4d48,KXGDPYEAR-25-T5.0,9,2025-01-22T20:17:36.386542Z,5,95,no
18,5ef6f548-ba3f-43f9-ae1d-3e1a238236b0,KXGDPYEAR-25-T5.0,197,2025-01-22T20:13:56.528497Z,5,95,no
19,e900f292-ad75-4254-b038-74efcb0f17a3,KXGDPYEAR-25-T5.0,1,2025-01-20T19:16:29.556177Z,5,95,no
20,38158c6f-2c96-4780-b4d3-867d54e358e6,KXGDPYEAR-25-T5.0,62,2025-01-20T19:16:29.556177Z,4,96,no
21,f30013f0-b2fe-450a-9f4b-511c23f0147f,KXGDPYEAR-25-T5.0,8,2025-01-20T18:17:21.299706Z,5,95,no
22,9a878706-2253-4302-aaee-ca8b3bcea8bb,KXGDPYEAR-25-T5.0,67,2025-01-20T18:17:21.299706Z,5,95,no
23,9662f52f-bfc0-4d22-ba6a-28c079a7d82d,KXGDPYEAR-25-T5.0,13,2025-01-20T18:17:21.299706Z,5,95,no
24,0b1993dc-ace3-4124-a3ec-0f23196892e7,KXGDPYEAR-25-T5.0,32,2025-01-20T18:15:51.740968Z,5,95,no
25,e7e29a2f-1885-4683-854f-630cceda55e7,KXGDPYEAR-25-T5.0,4936,2025-01-20T18:09:16.839012Z,5,95,no
26,bfbd0fbd-60c1-4536-80a4-e17a20b01563,KXGDPYEAR-25-T5.0,3981,2025-01-20T18:08:48.421104Z,6,94,no
27,b0a73b56-ab37-4cc2-beea-0796142f3a5c,KXGDPYEAR-25-T5.0,11,2025-01-19T01:04:47.334067Z,6,94,no
28,5978e681-16d1-48df-97c7-76561ba185f4,KXGDPYEAR-25-T5.0,11,2025-01-16T20:45:01.311924Z,8,92,yes
29,8cb1aec1-9161-4242-bbd7-a7b58aed7bc9,KXGDPYEAR-25-T5.0,11,2025-01-16T19:00:36.151992Z,8,92,yes
30,6e1f20d3-3fd5-49af-a528-af2037d49ae9,KXGDPYEAR-25-T5.0,200,2025-01-12T13:11:06.017008Z,6,94,no
31,931061d4-2fb4-4b48-805f-a590cfd86843,KXGDPYEAR-25-T5.0,555,2025-01-10T21:27:39.796386Z,7,93,yes
32,69add0e1-51c4-4c67-a1b6-30003f877c50,KXGDPYEAR-25-T5.0,10,2025-01-10T21:27:33.094571Z,7,93,yes
33,5ca20bce-b872-4a20-9d10-0f3206ad47de,KXGDPYEAR-25-T5.0,2445,2025-01-10T21:27:33.094571Z,7,93,yes
34,985dcce0-0d02-4385-aab6-eeac4150e7e4,KXGDPYEAR-25-T5.0,4,2025-01-10T21:27:32.861369Z,6,94,yes
35,62def799-1514-48d6-b0a1-09aa263490f1,KXGDPYEAR-25-T5.0,10,2025-01-10T05:40:38.898207Z,3,97,no
36,03f640fa-e51c-42b5-91ef-ba77d5f86c8c,KXGDPYEAR-25-T5.0,800,2025-01-01T19:46:51.392063Z,8,92,yes
37,b723a702-67af-43a5-b14f-d30c1199974d,KXGDPYEAR-25-T5.0,1500,2025-01-01T19:46:42.45983Z,8,92,no
38,f7d081b3-58ff-43d3-8a4d-eb88f1736a22,KXGDPYEAR-25-T5.0,3,2024-12-21T19:59:36.204079Z,3,97,no
39,34616d4a-67cc-4050-a456-76419e452a16,KXGDPYEAR-25-T5.0,9,2024-12-20T15:35:37.665654Z,21,79,yes
40,364026de-9eab-46f8-9f08-3632682828e1,KXGDPYEAR-25-B4.8,5000,2025-03-07T13:36:03.160083Z,1,99,no
41,ca6de121-2054-4f52-9d63-0d96563307b1,KXGDPYEAR-25-B4.8,3,2025-02-21T20:06:22.176021Z,1,99,no
42,7d5252c8-ff63-43a8-9be8-46a67cc7d377,KXGDPYEAR-25-B4.8,12,2025-02-21T20:06:22.176021Z,1,99,no
43,3a08ec08-f47a-4d99-b670-05867ad49dc7,KXGDPYEAR-25-B4.8,102,2025-02-21T19:45:43.87337Z,1,99,no
44,4b5342ee-0aeb-49b7-bb43-01aca24f63ca,KXGDPYEAR-25-B4.8,113,2025-02-21T19:43:50.395159Z,1,99,no
45,26f573b7-4aa1-47d0-844f-874d470771c6,KXGDPYEAR-25-B4.8,953,2025-02-21T19:43:40.218525Z,1,99,no
46,eab0529b-451a-4b68-8501-4bfffaa5038c,KXGDPYEAR-25-B4.8,100,2025-02-20T03:41:03.785404Z,1,99,yes
47,6c3f533c-596c-4df0-8bdb-3e46342db197,KXGDPYEAR-25-B4.8,100,2025-02-02T05:16:51.192797Z,1,99,yes
48,f0ce8767-4acb-4a84-b5bc-b5a937578797,KXGDPYEAR-25-B4.8,100,2025-01-30T13:40:11.464321Z,1,99,no
49,5a38aa2e-1ddb-4e52-a971-9abb4f09c16c,KXGDPYEAR-25-B4.8,50,2025-01-30T13:32:39.762251Z,2,98,no
50,db42d1a7-e6e1-43c9-b308-041c67b6467a,KXGDPYEAR-25-B4.8,400,2025-01-20T18:09:11.937916Z,1,99,no
51,4ac75502-d699-4c46-affa-1674db783b86,KXGDPYEAR-25-B4.8,23,2025-01-16T20:44:48.658648Z,4,96,yes
52,8a378f4a-e378-48ec-98de-3b4356bcd87c,KXGDPYEAR-25-B4.8,3,2024-12-21T19:59:36.099205Z,4,96,no
53,743d8c9e-d8e8-43e7-9de7-720c07f30d32,KXGDPYEAR-25-T0.1,1,2025-09-01T13:30:11.416867Z,5,95,yes
54,827873bb-b07f-4073-a0cc-8dfd09392cda,KXGDPYEAR-25-T0.1,500,2025-08-29T12:37:41.414372Z,4,96,no
55,99b0bb5e-1eca-4bac-855b-330934ed9089,KXGDPYEAR-25-T0.1,1049,2025-08-24T18:40:40.242862Z,6,94,yes
56,db933a2f-d0b9-4d5a-8ac4-5ce58d0e9407,KXGDPYEAR-25-T0.1,942,2025-08-24T05:13:31.542917Z,5,95,yes
57,2002c20c-a362-4237-8584-1000ee63d20f,KXGDPYEAR-25-T0.1,9,2025-08-24T05:13:31.542917Z,5,95,yes
58,5ad7b1d3-565c-48b1-8b47-61000e764e83,KXGDPYEAR-25-T0.1,667,2025-08-24T03:58:44.94803Z,5,95,yes
59,54b19c5e-6836-450e-959b-777cd4ff7c8c,KXGDPYEAR-25-T0.1,361,2025-08-19T17:51:41.60686Z,5,95,no
60,ee0972b0-9d1e-42c1-8d91-3ee44ace4967,KXGDPYEAR-25-T0.1,50,2025-08-19T17:51:35.397165Z,5,95,no
61,40ee960d-f3db-4957-94fa-ab2ed8bf7e7d,KXGDPYEAR-25-T0.1,50,2025-08-19T17:51:35.397165Z,5,95,no
62,3914e5fb-105b-49ba-bc30-3042dea8c8bf,KXGDPYEAR-25-T0.1,139,2025-08-19T17:51:35.397165Z,5,95,no
63,cff8083a-ccb9-4fb3-9ced-0ddafe2dd19b,KXGDPYEAR-25-T0.1,329,2025-08-15T12:36:05.25007Z,6,94,no
64,4dd89fa8-1263-496a-b57b-a0d966bf00b5,KXGDPYEAR-25-T0.1,186,2025-08-15T12:36:05.25007Z,6,94,no
65,7f5a694d-7308-4876-aa13-e2667b77aa73,KXGDPYEAR-25-T0.1,50,2025-08-11T17:30:23.217429Z,6,94,no
66,578ff17c-2693-49f9-b6a3-570e4a5ca9b3,KXGDPYEAR-25-T0.1,14,2025-08-11T17:30:23.217429Z,6,94,no
67,951d9bfb-875d-4960-9fdd-341a731fa5ca,KXGDPYEAR-25-T0.1,10,2025-08-08T01:16:23.128806Z,6,94,no
68,c9876516-e334-495e-90a1-4c3754dbd38a,KXGDPYEAR-25-T0.1,5,2025-08-07T02:25:48.346741Z,6,94,no
69,755e74d9-eff9-4c23-929f-d9be88c969e4,KXGDPYEAR-25-T0.1,57,2025-08-05T00:23:30.788951Z,7,93,yes
70,68fc4a41-c564-4827-b64f-7a684dde9759,KXGDPYEAR-25-T0.1,5,2025-08-02T00:43:30.030935Z,8,92,yes
71,f69f217c-41ef-6856-6350-76088c51fdc2,KXGDPYEAR-25-T0.1,1,2025-07-30T15:19:09.061281Z,6,94,no
72,6eeec785-2001-6e04-7336-3ac6dc26fdc4,KXGDPYEAR-25-T0.1,1,2025-07-30T15:19:09.061281Z,6,94,no
73,1bcf3a6f-da07-66bd-5a99-e2449604804e,KXGDPYEAR-25-T0.1,32,2025-07-30T15:19:09.061281Z,5,95,no
74,9da7cf0b-e5e8-4eb0-dd1a-54a87341fc50,KXGDPYEAR-25-T0.1,100,2025-07-30T06:47:37.219926Z,9,91,yes
75,1108c6d5-8485-4dc6-e55c-035edad213fa,KXGDPYEAR-25-T0.1,3,2025-07-30T06:47:37.219926Z,10,90,yes
76,bafe11f1-fcb2-4e58-8a86-deae8702f090,KXGDPYEAR-25-T0.1,30,2025-07-29T14:43:39.068008Z,10,90,no
77,175aa7c9-b06e-4578-bb5f-50d94cd827b9,KXGDPYEAR-25-T0.1,22,2025-07-29T14:43:39.068008Z,11,89,no
78,909430fa-25e4-49cd-99a8-6650c7bbf0da,KXGDPYEAR-25-T0.1,15,2025-07-23T19:47:01.719797Z,12,88,yes
79,5bd7cfdb-472b-40ae-a3a7-c9d1d65e97e0,KXGDPYEAR-25-T0.1,13,2025-07-19T14:22:42.193311Z,14,86,yes
80,46ba5a0a-4cb8-4741-9d55-0ebeb6e23704,KXGDPYEAR-25-T0.1,6,2025-07-17T03:51:00.304601Z,15,85,yes
81,f20a0d24-8a9f-4c41-a613-75086aee81b6,KXGDPYEAR-25-T0.1,115,2025-07-16T02:28:48.141084Z,14,86,no
82,d7e2beac-a0b2-4f54-bb0c-e9b8614c3ff0,KXGDPYEAR-25-T0.1,2,2025-07-11T21:27:04.292574Z,15,85,no
83,a96e5e4c-4f97-46ad-8c17-e8264976943b,KXGDPYEAR-25-T0.1,5,2025-07-11T17:01:20.287732Z,17,83,yes
84,06e6dc9d-f441-49a8-89fe-fde44e71c9e8,KXGDPYEAR-25-T0.1,479,2025-07-11T17:01:20.287732Z,17,83,yes
85,0173bf4c-d8f9-4a74-91ba-c0a1945f18f6,KXGDPYEAR-25-T0.1,750,2025-07-11T17:01:20.287732Z,16,84,yes
86,9c1df1d3-a303-4cd5-8662-632beb7eb30f,KXGDPYEAR-25-T0.1,50,2025-07-10T03:13:20.418062Z,15,85,no
87,fab5b0d2-b102-46c8-a2d5-bc183ff57fe0,KXGDPYEAR-25-T0.1,5,2025-07-07T20:46:04.13684Z,15,85,no
88,008b73b1-fe89-4e7b-9ba6-b36e42471762,KXGDPYEAR-25-T0.1,239,2025-07-07T01:11:55.507109Z,15,85,yes
89,f5f7a165-f19a-4c95-8bb6-5ef482a5255f,KXGDPYEAR-25-T0.1,169,2025-07-05T13:32:30.678188Z,15,85,yes
90,cee064f2-0238-4e58-a50d-05e795a6c03f,KXGDPYEAR-25-T0.1,457,2025-07-05T13:32:30.678188Z,15,85,yes
91,03622ee6-5b3d-4ade-ae1b-133ded695f8e,KXGDPYEAR-25-T0.1,374,2025-07-05T13:32:30.678188Z,15,85,yes
92,e670b70c-19dc-40b8-8ddc-378f630f44b6,KXGDPYEAR-25-T0.1,5,2025-07-03T22:35:59.819952Z,14,86,no
93,c261dc18-0f2b-44ba-9339-9e5772f7dfbc,KXGDPYEAR-25-T0.1,150,2025-07-03T22:35:56.413295Z,14,86,yes
94,879cd6cd-69f9-450b-8c9f-f9c12cb030bf,KXGDPYEAR-25-T0.1,100,2025-07-03T20:33:13.626125Z,14,86,no
95,d7e8a117-0d41-40e8-a328-66ffb458b200,KXGDPYEAR-25-T0.1,125,2025-07-03T15:37:51.131217Z,15,85,yes
96,13073ea8-b3d9-4f76-92c2-526e47cb89a8,KXGDPYEAR-25-T0.1,1,2025-07-02T17:46:18.016545Z,15,85,yes
97,99d84bf7-5446-480a-ba91-ad856c7ee8cd,KXGDPYEAR-25-T0.1,998,2025-07-02T04:19:49.623963Z,15,85,no
98,ca32ba10-04f0-42cd-b474-ed1092cc5c04,KXGDPYEAR-25-T0.1,2,2025-07-01T16:04:19.598306Z,15,85,no
99,dcad2884-21b0-4db9-a187-5a4d6029cfee,KXGDPYEAR-25-T0.1,56,2025-06-29T16:36:48.368666Z,14,86,no
100,ccd1a27c-fece-491c-9695-5c7309f4e779,KXGDPYEAR-25-T0.1,1,2025-06-29T16:36:48.368666Z,16,84,no
101,c2b7daae-7609-4a0a-a3e1-6b87d771c7f8,KXGDPYEAR-25-T0.1,20,2025-06-28T20:07:19.000592Z,17,83,yes
102,f3f1175a-b3f5-4c30-b0a9-7ef81c5298b1,KXGDPYEAR-25-T0.1,11,2025-06-27T18:07:46.494356Z,17,83,yes
103,c9c4ee23-a383-44f9-97d9-2428fbc0ff85,KXGDPYEAR-25-T0.1,90,2025-06-24T21:33:38.78851Z,17,83,no
104,4106d257-9024-4ba0-8917-66bad9efcfde,KXGDPYEAR-25-T0.1,7,2025-06-21T06:25:21.233631Z,20,80,yes
105,0c4b53d9-c201-4784-9a6f-b25c20119801,KXGDPYEAR-25-T0.1,31,2025-06-18T23:43:20.010531Z,17,83,no
106,5d1f5e77-1397-46cf-952a-2d2c0b8d968e,KXGDPYEAR-25-T0.1,4,2025-06-15T15:11:09.95837Z,20,80,yes
107,b02c3340-86dd-4af5-a647-2ef14d80dbac,KXGDPYEAR-25-T0.1,1,2025-06-04T17:10:56.743083Z,20,80,no
108,d6d3b0ed-77cb-46d4-85fc-c90cb1fe5f28,KXGDPYEAR-25-T0.1,289,2025-06-02T13:07:27.840672Z,23,77,no
109,fe51a988-da01-4ed4-b454-ff3e28ff8731,KXGDPYEAR-25-T0.1,211,2025-06-01T12:12:10.918522Z,23,77,no
110,b93ebf80-e048-473d-9d37-f787f674eba5,KXGDPYEAR-25-T0.1,17,2025-05-31T01:42:54.782521Z,28,72,yes
111,5398654e-ed53-4108-a7fb-df7d69f7e443,KXGDPYEAR-25-T0.1,2,2025-05-30T18:36:54.713932Z,29,71,yes
112,4c602399-e7bb-4dbc-b20d-c95d380e9a0a,KXGDPYEAR-25-T0.1,4,2025-05-30T18:36:54.713932Z,28,72,yes
113,2b6578c3-1657-46b4-acb9-ac2b85b8479a,KXGDPYEAR-25-T0.1,16,2025-05-29T14:07:26.595453Z,29,71,yes
114,131ecd70-fccd-4bf6-bd1a-4044873e0acb,KXGDPYEAR-25-T0.1,34,2025-05-29T00:56:16.388118Z,27,73,yes
115,ba807d78-69d2-4b7e-b0ad-5a92a4f68176,KXGDPYEAR-25-T0.1,3,2025-05-22T15:08:45.037672Z,29,71,yes
116,8b097e8b-cc7f-4c94-b821-319e057917ea,KXGDPYEAR-25-T0.1,4,2025-05-22T15:08:45.037672Z,28,72,yes
117,59c1e660-bc54-4c95-ae2e-f72a01eeb523,KXGDPYEAR-25-T0.1,20,2025-05-21T06:20:21.397916Z,29,71,yes
118,60f88b43-3212-4461-b93e-e9ff03f5394c,KXGDPYEAR-25-T0.1,4,2025-05-17T18:46:36.79292Z,26,74,no
119,4e22810a-a885-441c-821e-d7005982bdea,KXGDPYEAR-25-T0.1,4,2025-05-17T18:46:36.79292Z,26,74,no
120,25a4c454-f730-4787-a7b8-e257d12ce8f3,KXGDPYEAR-25-T0.1,241,2025-05-17T18:46:36.79292Z,24,76,no
121,12cfc4de-9a6f-437f-9b9c-9335e745b3cf,KXGDPYEAR-25-T0.1,250,2025-05-17T18:46:36.79292Z,26,74,no
122,047f6b93-24c6-4b7b-bdef-80491f0a9664,KXGDPYEAR-25-T0.1,1,2025-05-17T18:46:36.79292Z,28,72,no
123,bfb0abe5-ba18-49ac-89be-f6e5760e9352,KXGDPYEAR-25-T0.1,4,2025-05-16T19:33:29.536723Z,29,71,no
124,302f8d12-91f6-4739-82fd-5e8eada22fbe,KXGDPYEAR-25-T0.1,50,2025-05-16T19:29:09.835213Z,29,71,no
125,9a9f35d6-c1f7-4563-a07f-f692b3fd7bbe,KXGDPYEAR-25-T0.1,100,2025-05-15T20:38:52.084537Z,29,71,no
126,de37e2c9-1571-41a7-9392-9422a4d17b86,KXGDPYEAR-25-T0.1,25,2025-05-15T12:45:36.917401Z,30,70,yes
127,01f07b92-4f60-443f-bf98-b761e90d099c,KXGDPYEAR-25-T0.1,20,2025-05-15T12:45:36.917401Z,30,70,yes
128,c1fa0dd5-1a8a-4705-9d80-6e4c97da9e3e,KXGDPYEAR-25-T0.1,1,2025-05-14T12:22:55.675688Z,29,71,no
129,f69494f9-94b6-49a2-92c9-7950a7ba60f8,KXGDPYEAR-25-T0.1,10,2025-05-13T17:34:31.601175Z,35,65,no
130,7005ff1d-395b-4e32-8fc8-b43d6100a791,KXGDPYEAR-25-T0.1,22,2025-05-13T17:34:31.601175Z,30,70,no
131,5d758910-0184-4f04-a001-e9d4ce354756,KXGDPYEAR-25-T0.1,39,2025-05-13T17:34:31.601175Z,31,69,no
132,4ebf6db1-0315-44cf-a69c-4aa946d178be,KXGDPYEAR-25-T0.1,500,2025-05-12T12:00:12.018747Z,38,62,no
133,3addb09e-41b7-40a3-a3b8-31ccf8f6abb3,KXGDPYEAR-25-T0.1,300,2025-05-12T03:36:55.238294Z,38,62,no
134,4dc27a2c-73a6-41b1-bee3-ceaaff8a3a24,KXGDPYEAR-25-T0.1,459,2025-05-12T03:36:21.69127Z,39,61,no
135,429c017d-7ac1-42c2-b329-0c954f929bc9,KXGDPYEAR-25-T0.1,24,2025-05-12T03:36:21.69127Z,40,60,no
136,183704a9-978e-430b-b786-6bd7814cf9e3,KXGDPYEAR-25-T0.1,17,2025-05-12T03:36:21.69127Z,40,60,no
137,620b14d7-0259-4201-91bd-4fc586f1a6ab,KXGDPYEAR-25-T0.1,200,2025-05-12T03:36:05.579721Z,41,59,no
138,c9c29254-2ee4-4410-a418-4b5894d9fa47,KXGDPYEAR-25-T0.1,200,2025-05-12T03:35:33.105716Z,41,59,no
139,d0bd42cc-0834-46fa-bb3a-4211ca9a2b21,KXGDPYEAR-25-T0.1,77,2025-05-10T06:59:17.660857Z,42,58,no
140,adb4cce4-8189-468e-bf51-3c958e729e93,KXGDPYEAR-25-T0.1,123,2025-05-10T01:14:44.654717Z,42,58,no
141,a91cd44a-ca34-4823-a31e-00c8709b4af6,KXGDPYEAR-25-T0.1,121,2025-05-09T22:57:29.27613Z,44,56,yes
142,057c6898-25e3-401b-9911-65d42500803c,KXGDPYEAR-25-T0.1,40,2025-05-09T22:57:29.27613Z,44,56,yes
143,6c29ddab-e158-4024-8afd-9d35ef2b3476,KXGDPYEAR-25-T0.1,39,2025-05-09T22:53:59.874053Z,43,57,yes
144,77eda351-e983-43ab-ad07-4cc25582715e,KXGDPYEAR-25-T0.1,7,2025-05-09T01:54:02.383813Z,39,61,no
145,82b482dc-7a3c-4283-a64f-3aff61d26b0a,KXGDPYEAR-25-T0.1,500,2025-05-08T12:02:06.943418Z,39,61,no
146,c02abffe-efea-4d0a-91cd-1e3504553f8f,KXGDPYEAR-25-T0.1,10,2025-05-07T15:50:12.305267Z,44,56,yes
147,53d86dfe-b3ee-4e91-b3f0-b9fbc604dd9c,KXGDPYEAR-25-T0.1,1,2025-05-05T19:09:13.774256Z,40,60,no
148,77d3ae44-f155-4465-814b-085d882a8bd0,KXGDPYEAR-25-T0.1,16,2025-05-02T22:25:47.024399Z,40,60,no
149,cee1c16f-620d-4986-bb2c-d7bbe9d1c358,KXGDPYEAR-25-T0.1,100,2025-05-02T16:37:46.353541Z,44,56,yes
150,60555f72-a1fc-4252-b109-a386b73268d8,KXGDPYEAR-25-T0.1,9,2025-05-02T16:37:46.353541Z,44,56,yes
151,4a318e84-5451-47f6-adb1-139954f3e8f3,KXGDPYEAR-25-T0.1,3,2025-05-01T05:14:02.475547Z,45,55,yes
152,d226dbcf-14bd-4998-a577-cb86cc47e2b4,KXGDPYEAR-25-T0.1,106,2025-04-30T17:50:31.853761Z,45,55,yes
153,34cf4775-edad-462a-9906-d64a7a3bd5d0,KXGDPYEAR-25-T0.1,16,2025-04-30T17:28:46.480199Z,45,55,yes
154,f80ad022-6630-4018-a3ac-90daca852e91,KXGDPYEAR-25-T0.1,64,2025-04-30T12:35:44.575782Z,44,56,yes
155,e988239a-9701-4646-ad91-33862ff760a8,KXGDPYEAR-25-T0.1,1,2025-04-29T22:26:23.897621Z,38,62,no
156,2fe18e70-98bd-4f7d-8974-2393183f837c,KXGDPYEAR-25-T0.1,50,2025-04-29T19:56:01.489711Z,45,55,yes
157,df5746d8-301d-4888-836b-73bc62e6f028,KXGDPYEAR-25-T0.1,29,2025-04-29T18:33:29.947377Z,38,62,no
158,9f0f31c3-6cdc-4342-a654-2cceea0f5663,KXGDPYEAR-25-T0.1,221,2025-04-29T18:33:29.947377Z,37,63,no
159,c52893ec-127a-4adc-b599-8dfe8adc1787,KXGDPYEAR-25-T0.1,1,2025-04-29T05:37:29.852744Z,39,61,no
160,e1e8c137-5a02-4080-9e5e-b327894e99e1,KXGDPYEAR-25-T0.1,11,2025-04-29T02:43:37.83335Z,40,60,no
161,c316d4ac-eb54-4436-a33e-6012a8daa782,KXGDPYEAR-25-T0.1,623,2025-04-29T02:43:37.83335Z,39,61,no
162,580fa14a-95cd-40d7-81ed-8c1a6d5de003,KXGDPYEAR-25-T0.1,11,2025-04-28T02:08:22.976611Z,43,57,yes
163,98ffe8e7-ddc3-4954-b51a-0f2193e85382,KXGDPYEAR-25-T0.1,14,2025-04-22T21:58:39.322781Z,41,59,no
164,347e1a20-d451-4ec8-aa18-97757df8b6c2,KXGDPYEAR-25-T0.1,1,2025-04-22T21:57:29.263078Z,42,58,no
165,97d7928d-f5c1-42f4-8ad3-cca0a913631a,KXGDPYEAR-25-T0.1,12,2025-04-22T18:25:39.313996Z,42,58,no
166,69f09205-415e-4334-b51d-0a3561356846,KXGDPYEAR-25-T0.1,13,2025-04-22T18:01:17.947299Z,43,57,yes
167,324710ff-6055-4491-8028-bc6233a8f6c4,KXGDPYEAR-25-T0.1,2,2025-04-22T18:00:57.727348Z,42,58,yes
168,7e4656bb-49fc-4782-a555-450bc123cf79,KXGDPYEAR-25-T0.1,8,2025-04-17T19:23:22.032134Z,43,57,yes
169,f334c5eb-5787-46ee-b927-30e6a8fce67b,KXGDPYEAR-25-T0.1,6,2025-04-17T19:22:55.136889Z,43,57,yes
170,4c04e6b4-1da6-4549-9cab-2ddf8e80e625,KXGDPYEAR-25-T0.1,1,2025-04-17T02:32:50.972128Z,40,60,no
171,30715d85-c6c5-4609-a12b-c7df1dc78412,KXGDPYEAR-25-T0.1,21,2025-04-16T23:07:01.810121Z,44,56,yes
172,e977de6e-e485-4e68-9674-ec461ed0ba0f,KXGDPYEAR-25-T0.1,5,2025-04-16T22:46:46.006495Z,44,56,yes
173,01e437b8-46c2-4acb-8c5d-39c6f2c87f5a,KXGDPYEAR-25-T0.1,21,2025-04-16T20:20:15.017483Z,44,56,yes
174,924cd2bc-aac5-4245-92dc-fb691f7d1884,KXGDPYEAR-25-T0.1,1,2025-04-16T18:45:51.184424Z,44,56,yes
175,30d14cc8-3115-41f5-abdc-7e0bd373eddc,KXGDPYEAR-25-T0.1,10,2025-04-14T17:58:37.637276Z,44,56,yes
176,3e7fd159-6c70-4bf8-916f-49b971dd5772,KXGDPYEAR-25-T0.1,4,2025-04-12T20:25:36.8981Z,44,56,yes
177,b0ecf8e1-92f6-4f36-a79a-2935e5c62637,KXGDPYEAR-25-T0.1,200,2025-04-12T19:32:12.109008Z,40,60,no
178,dcc83192-ec4d-4c4b-ad50-f978631043ac,KXGDPYEAR-25-T0.1,4,2025-04-12T17:24:42.294419Z,40,60,no
179,394946cf-f463-4327-a313-275466f92708,KXGDPYEAR-25-T0.1,34,2025-04-11T19:33:49.919016Z,43,57,no
180,63930de2-c37b-4899-8d64-ec4c5ae3299e,KXGDPYEAR-25-T0.1,26,2025-04-11T16:52:32.950774Z,44,56,no
181,f61f35b2-8dd9-4359-89e3-6c5941b9d485,KXGDPYEAR-25-T0.1,1,2025-04-11T16:44:05.410747Z,44,56,yes
182,da78d498-835b-47fd-9ec3-4e6605eb1d18,KXGDPYEAR-25-T0.1,1137,2025-04-11T16:44:05.410747Z,44,56,yes
183,0323069c-49c0-42c0-9e7c-31f27228dc43,KXGDPYEAR-25-T0.1,100,2025-04-11T16:44:05.410747Z,43,57,yes
184,98448053-97db-4fb2-aae4-8c047f3cb1e3,KXGDPYEAR-25-T0.1,300,2025-04-09T17:32:37.883051Z,38,62,no
185,c34b3bb6-627f-4ca4-864d-1a0ede24f49c,KXGDPYEAR-25-T0.1,5000,2025-04-09T17:31:54.555881Z,39,61,no
186,b2c57c95-f97e-4e86-966e-b4fdc73baf69,KXGDPYEAR-25-T0.1,30,2025-04-09T17:31:54.555881Z,40,60,no
187,a2006456-caf3-49d5-9d99-2de29f8109cb,KXGDPYEAR-25-T0.1,100,2025-04-09T17:31:54.555881Z,41,59,no
188,8a45ad3e-b822-46da-a8ba-aacdaaa8221c,KXGDPYEAR-25-T0.1,500,2025-04-09T17:31:54.555881Z,42,58,no
189,5e0d8b14-09ae-4246-9820-2d75624d54c0,KXGDPYEAR-25-T0.1,3,2025-04-09T17:31:54.555881Z,41,59,no
190,59351720-91f4-4d70-8c12-3f61bd3d9f57,KXGDPYEAR-25-T0.1,471,2025-04-09T17:31:54.555881Z,41,59,no
191,26d8268f-8963-418e-812f-c9e7b6c3a2a2,KXGDPYEAR-25-T0.1,21,2025-04-09T17:31:54.555881Z,41,59,no
192,e6a0151f-8a1b-4aca-8ef6-8b79f1422971,KXGDPYEAR-25-T0.1,21,2025-04-09T05:02:08.401861Z,45,55,yes
193,a4bb7510-88a5-49a2-ab77-4fed64c88e4e,KXGDPYEAR-25-T0.1,239,2025-04-09T03:31:09.341929Z,44,56,yes
194,69029aa6-a183-4fef-8112-efcd3bf8083e,KXGDPYEAR-25-T0.1,10,2025-04-09T02:49:15.126278Z,45,55,yes
195,752cd23c-e7bd-4040-815d-ef25527b0482,KXGDPYEAR-25-T0.1,1,2025-04-09T01:23:55.178847Z,43,57,no
196,edd313f0-7ef3-469b-b81d-33d4e9c3186e,KXGDPYEAR-25-T0.1,1,2025-04-08T12:31:03.904429Z,46,54,yes
197,e723a54c-2a63-476f-989b-46e2819e6ca1,KXGDPYEAR-25-T0.1,5,2025-04-08T12:31:03.904429Z,46,54,yes
198,bd2ba98c-115c-494f-add2-5583de6a5757,KXGDPYEAR-25-T0.1,4,2025-04-08T12:31:03.904429Z,46,54,yes
199,e7bcf3f1-d330-43c2-8d9a-0c8672a17fa4,KXGDPYEAR-25-T0.1,400,2025-04-08T04:40:44.672085Z,44,56,yes
200,a83a4509-1b45-4b5b-989f-e7a6bee72237,KXGDPYEAR-25-T0.1,400,2025-04-08T04:21:33.499894Z,41,59,yes
201,c3b2f288-8d2d-4ae5-8844-0273733078d4,KXGDPYEAR-25-T0.1,25,2025-04-08T04:07:05.338876Z,40,60,no
202,ac02773c-8233-4c32-b2e1-358c4330c267,KXGDPYEAR-25-T0.1,163,2025-04-08T04:07:05.338876Z,41,59,no
203,450cc4a7-044b-4801-bc45-13ccd23ac713,KXGDPYEAR-25-T0.1,141,2025-04-08T04:07:05.338876Z,41,59,no
204,bc0e1373-10de-474e-aef6-87b6c96c6a05,KXGDPYEAR-25-T0.1,5,2025-04-08T02:09:03.785016Z,42,58,no
205,75005d09-26ef-4fdb-a271-5851bea5c400,KXGDPYEAR-25-T0.1,9,2025-04-08T02:09:03.785016Z,41,59,no
206,534017e0-2fa3-4d17-b874-9df7059fef37,KXGDPYEAR-25-T0.1,1,2025-04-08T02:09:03.785016Z,41,59,no
207,aaa60c40-68a3-409d-9304-9bee87b3b505,KXGDPYEAR-25-T0.1,37,2025-04-07T20:13:10.991446Z,44,56,yes
208,7cf6892e-c768-4a11-9b26-6fb91039d8ba,KXGDPYEAR-25-T0.1,163,2025-04-07T20:13:10.991446Z,47,53,yes
209,5c96f725-02df-419a-a582-0282358745ac,KXGDPYEAR-25-T0.1,4,2025-04-07T03:27:33.486133Z,44,56,yes
210,b0f39bb4-8252-40c5-b91f-de486879781e,KXGDPYEAR-25-T0.1,218,2025-04-07T01:52:09.137116Z,44,56,yes
211,c6e90991-b0d4-4979-83f4-8a03292e5e77,KXGDPYEAR-25-T0.1,4,2025-04-07T01:19:49.211517Z,41,59,no
212,986c6fb1-42d0-4e5b-b0ec-18e7ef49ca48,KXGDPYEAR-25-T0.1,1,2025-04-07T01:19:49.211517Z,41,59,no
213,2f163000-e78b-4278-ae42-7a83603424a6,KXGDPYEAR-25-T0.1,215,2025-04-07T01:19:49.211517Z,41,59,no
214,a50be55e-91cb-46b6-9454-7ec6e0887121,KXGDPYEAR-25-T0.1,21,2025-04-06T23:06:16.501394Z,45,55,yes
215,e091966d-f6a9-45a4-94c7-a62c230a98d5,KXGDPYEAR-25-T0.1,30,2025-04-06T22:41:32.848382Z,39,61,yes
216,df9dc747-02ba-49ff-9929-654fa968c7e5,KXGDPYEAR-25-T0.1,1000,2025-04-06T22:41:32.848382Z,37,63,yes
217,cc90d866-3931-42c4-b321-4241c324da02,KXGDPYEAR-25-T0.1,4,2025-04-06T22:41:32.848382Z,38,62,yes
218,c0894c38-3bd4-4922-a993-85e06dd06c71,KXGDPYEAR-25-T0.1,230,2025-04-06T20:47:00.467741Z,36,64,no
219,d046685a-9844-4fb9-98ea-270adac56f33,KXGDPYEAR-25-T0.1,5,2025-04-06T19:17:55.275635Z,36,64,yes
220,c893d2f8-ddd2-40aa-bc4d-477ec4cc54fd,KXGDPYEAR-25-T0.1,1,2025-04-06T19:17:55.275635Z,36,64,yes
221,c597e854-f743-4201-9919-ca90ddd5bdf6,KXGDPYEAR-25-T0.1,10,2025-04-06T19:17:55.275635Z,36,64,yes
222,625682c0-03ee-4516-8423-dbbff9054d85,KXGDPYEAR-25-T0.1,5,2025-04-06T19:17:55.275635Z,36,64,yes
223,2afcaf53-29f3-4408-839c-31a2f0c595c8,KXGDPYEAR-25-T0.1,5,2025-04-06T19:17:55.275635Z,36,64,yes
224,bcd363a1-5b64-420f-8f61-1418ddd00e88,KXGDPYEAR-25-T0.1,13,2025-04-05T18:53:24.324694Z,36,64,yes
225,f988b1ba-a232-4fb3-8eeb-c850e4b02b88,KXGDPYEAR-25-T0.1,3,2025-04-05T14:26:08.826431Z,35,65,yes
226,7ab17ae9-0c3a-418c-82f5-e833800704bb,KXGDPYEAR-25-T0.1,262,2025-04-05T14:26:08.826431Z,36,64,yes
227,a21eb5f5-8e51-4ebd-8f19-4a105a04a7e7,KXGDPYEAR-25-T0.1,5,2025-04-04T23:39:57.437653Z,34,66,no
228,7f58011b-9e75-4823-a4a8-0726488e0296,KXGDPYEAR-25-T0.1,1,2025-04-04T23:39:57.437653Z,34,66,no
229,6cc19534-bbc7-4b51-ab4e-60661dd38dba,KXGDPYEAR-25-T0.1,5,2025-04-04T23:39:57.437653Z,34,66,no
230,17d31d45-a416-4e83-919f-4f715bcd08df,KXGDPYEAR-25-T0.1,5,2025-04-04T23:39:57.437653Z,34,66,no
231,5fd94e04-82e5-4859-83b7-c4822a2a2337,KXGDPYEAR-25-T0.1,2,2025-04-04T21:24:19.857753Z,35,65,yes
232,bdf264e3-a045-4b44-8b97-fd3042318400,KXGDPYEAR-25-T0.1,4,2025-04-04T12:31:15.278837Z,32,68,no
233,bdab6cab-b358-4f3c-a862-160a23925bd7,KXGDPYEAR-25-T0.1,30,2025-04-04T12:31:15.278837Z,32,68,no
234,3f94d5e8-c396-4362-b02c-f72c9d5729d0,KXGDPYEAR-25-T0.1,1179,2025-04-04T12:31:15.278837Z,32,68,no
235,0b457532-dffb-4d76-afd4-08a8366381bf,KXGDPYEAR-25-T0.1,5,2025-04-04T12:31:15.278837Z,33,67,no
236,654f7e35-bcdf-4ea5-8f5f-dad3fc21e91e,KXGDPYEAR-25-T0.1,30,2025-04-04T12:17:38.794019Z,32,68,yes
237,ac38504f-4770-4110-90a2-2a6480653d2a,KXGDPYEAR-25-T0.1,4,2025-04-04T12:17:38.665064Z,30,70,yes
238,294a986f-335e-4055-acf3-1089231f3967,KXGDPYEAR-25-T0.1,1,2025-04-04T12:17:38.665064Z,30,70,yes
239,a26ff5f6-f9ae-434b-a373-d4f115bbc41b,KXGDPYEAR-25-T0.1,460,2025-04-03T23:55:18.917722Z,27,73,no
240,24a5f098-d95f-4c25-9a96-63f5005bc4eb,KXGDPYEAR-25-T0.1,274,2025-04-03T23:06:40.805618Z,27,73,yes
241,b143651f-34d7-4c0f-ba9a-a70b7a3b4e55,KXGDPYEAR-25-T0.1,500,2025-04-03T23:06:33.573483Z,26,74,yes
242,ac9ab740-24ba-47f6-af76-8408b195d318,KXGDPYEAR-25-T0.1,726,2025-04-03T23:06:33.573483Z,27,73,yes
243,6f183bcd-fda8-4430-a883-20895b969dbb,KXGDPYEAR-25-T0.1,24,2025-04-03T23:06:33.573483Z,25,75,yes
244,52905da9-e1bd-4b6a-ab6b-327f6eacc5f6,KXGDPYEAR-25-T0.1,15,2025-04-03T20:01:05.370848Z,25,75,yes
245,fa65b64c-acf2-42e2-8f95-a45183d4c7f3,KXGDPYEAR-25-T0.1,38,2025-04-03T17:37:14.412106Z,25,75,yes
246,b91cf219-4306-4806-81d2-725435e7b9a4,KXGDPYEAR-25-T0.1,19,2025-04-03T16:32:00.935066Z,25,75,yes
247,ca82b52f-9677-4b33-9bb4-efbb52b38118,KXGDPYEAR-25-T0.1,500,2025-04-03T15:33:47.402226Z,24,76,no
248,ebbc3687-48a0-4c85-8d9a-7076a536de1a,KXGDPYEAR-25-T0.1,4,2025-04-03T15:29:23.539658Z,25,75,no
249,f3e39056-843a-4575-ae2a-1928f95a265a,KXGDPYEAR-25-T0.1,5,2025-04-03T15:28:54.663325Z,25,75,no
250,b2190f7e-bdf0-4a71-82dc-a9508b8bfc5a,KXGDPYEAR-25-T0.1,6,2025-04-03T15:03:44.571527Z,27,73,yes
251,690d0887-2333-4d67-af13-24f346f95358,KXGDPYEAR-25-T0.1,9,2025-04-03T15:03:44.571527Z,29,71,yes
252,23da8aa5-2766-46f7-918c-fbff468e1a0c,KXGDPYEAR-25-T0.1,1,2025-04-03T15:03:44.571527Z,28,72,yes
253,7f79b297-2312-4ea3-9273-ab749bebda3b,KXGDPYEAR-25-T0.1,194,2025-04-03T02:10:44.47991Z,25,75,yes
254,1d9d2eac-d956-496f-8a18-70a08422f456,KXGDPYEAR-25-T0.1,961,2025-04-03T02:10:44.47991Z,24,76,yes
255,b0e3bc2b-fd7c-4855-a7ef-4dbc071a7608,KXGDPYEAR-25-T0.1,39,2025-04-03T00:09:22.061139Z,24,76,yes
256,6c3355c7-6306-4e37-aeb3-c3357011ac1d,KXGDPYEAR-25-T0.1,5,2025-04-02T22:15:36.384664Z,26,74,yes
257,9bb1ef1d-bb98-4249-9762-8c0fbdcb1d88,KXGDPYEAR-25-T0.1,3,2025-04-02T21:37:12.108336Z,24,76,yes
258,dfa74d5d-6b5b-4d3e-bef1-f0fc813e206b,KXGDPYEAR-25-T0.1,4,2025-04-02T21:31:43.008388Z,18,82,yes
259,ce73aad7-2dad-4a76-8306-f265c0098773,KXGDPYEAR-25-T0.1,498,2025-04-02T21:31:43.008388Z,18,82,yes
260,b1163d0e-e743-418d-9f16-0538b23dabdd,KXGDPYEAR-25-T0.1,2890,2025-04-02T21:31:43.008388Z,19,81,yes
261,5cda147d-461f-4679-86d9-a2e5d9528136,KXGDPYEAR-25-T0.1,9,2025-04-02T21:31:43.008388Z,19,81,yes
262,1bd54400-5f22-4424-aa5e-f7583cb6b405,KXGDPYEAR-25-T0.1,2,2025-04-02T21:15:42.473207Z,18,82,yes
263,cf4c79c3-03c9-43ee-84a9-adb2d7c36111,KXGDPYEAR-25-T0.1,300,2025-04-02T20:43:08.719529Z,17,83,yes
264,471c0cfb-5472-49b9-aaa0-6370d5aa5e38,KXGDPYEAR-25-T0.1,198,2025-04-02T20:43:08.719529Z,17,83,yes
265,644e5b1b-90ec-44b7-8060-38173d55540a,KXGDPYEAR-25-T0.1,4,2025-04-02T18:34:09.06944Z,17,83,yes
266,a7031683-6cd8-49b4-8159-e762c360122c,KXGDPYEAR-25-T0.1,98,2025-04-02T17:33:52.428854Z,17,83,yes
267,80669ad6-37f1-4c01-9e6a-3e2bff82fdcc,KXGDPYEAR-25-T0.1,144,2025-04-02T17:33:52.428854Z,17,83,yes
268,ca526b76-12fc-434f-b79b-8066068da11e,KXGDPYEAR-25-T0.1,16,2025-04-02T00:27:49.108722Z,17,83,yes
269,24b8d056-ed0b-4fc3-aecf-a594acd0e18b,KXGDPYEAR-25-T0.1,5,2025-04-01T21:50:20.529617Z,17,83,yes
270,c8afa9ab-208b-41c9-b2ab-5759f80e178b,KXGDPYEAR-25-T0.1,167,2025-04-01T03:35:26.993577Z,16,84,yes
271,c52fc1d3-c1d6-4f2c-8e03-589fcb216c95,KXGDPYEAR-25-T0.1,832,2025-04-01T03:35:26.993577Z,17,83,yes
272,e6965f64-d033-47cc-ac13-1c0e3dcc34b0,KXGDPYEAR-25-T0.1,33,2025-04-01T03:02:48.713701Z,16,84,yes
273,e0d6ad03-bfc5-46a4-ba36-ac08715f2f3d,KXGDPYEAR-25-T0.1,197,2025-04-01T03:02:48.713701Z,16,84,yes
274,c8e19107-02ec-4513-97f5-714daa018d5c,KXGDPYEAR-25-T0.1,5,2025-03-30T04:23:48.050436Z,15,85,no
275,aa30ccd2-bb9f-4b73-a817-9c378b506fa4,KXGDPYEAR-25-T0.1,3,2025-03-28T17:36:45.322173Z,16,84,yes
276,8a04e5b4-38e7-4ac9-9a50-0bc53c678ed7,KXGDPYEAR-25-T0.1,3,2025-03-24T14:10:38.669958Z,17,83,yes
277,ee68acfa-17ca-4fd0-b96d-911335f91112,KXGDPYEAR-25-T0.1,85,2025-03-22T12:25:44.651717Z,15,85,no
278,47c41c96-fe92-4ab6-b0d2-f7bd5ba4d6be,KXGDPYEAR-25-T0.1,127,2025-03-20T23:46:55.561035Z,15,85,no
279,a48d218f-93a5-47ab-8fd7-124ebeb91bc6,KXGDPYEAR-25-T0.1,5,2025-03-17T13:30:31.417545Z,15,85,yes
280,66aad9b6-8cce-4c59-95bb-7fb3786a69d8,KXGDPYEAR-25-T0.1,25,2025-03-17T12:31:59.061775Z,14,86,no
281,d210ad1d-6adc-47e9-9096-41acbde58164,KXGDPYEAR-25-T0.1,5,2025-03-13T22:23:45.952841Z,18,82,yes
282,9e78818c-396d-496b-a62b-c357997519d7,KXGDPYEAR-25-T0.1,4,2025-03-12T12:18:23.496773Z,19,81,yes
283,10db638c-3387-4e09-a4cb-5155410e5f75,KXGDPYEAR-25-T0.1,3,2025-03-12T02:32:54.13606Z,19,81,yes
284,49048687-0c7b-4649-bd3d-dde9bde5522b,KXGDPYEAR-25-T0.1,1,2025-03-09T18:30:26.167099Z,16,84,no
285,415ee513-36ee-4d0a-860d-e901364ad4f8,KXGDPYEAR-25-T0.1,499,2025-03-09T18:30:26.167099Z,16,84,no
286,962811a2-9eef-47f8-b557-09f7115b6202,KXGDPYEAR-25-T0.1,4,2025-03-08T01:48:52.843177Z,18,82,yes
287,7036280c-3168-4857-ae84-e71b537e2d59,KXGDPYEAR-25-T0.1,24,2025-03-08T00:31:16.823645Z,18,82,yes
288,e385cf68-eeb9-40b7-b544-6a25b8481e27,KXGDPYEAR-25-T0.1,3,2025-03-07T13:33:11.406937Z,17,83,no
289,d04723e6-2b17-472b-acbc-696539c03aee,KXGDPYEAR-25-T0.1,1557,2025-03-07T13:33:11.406937Z,17,83,no
290,c07ddbed-098a-4a70-a47d-ca3e3567cd9e,KXGDPYEAR-25-T0.1,2,2025-03-07T02:41:06.955919Z,17,83,no
291,d468f8d1-4526-4609-b1c4-9e61fd9e25f7,KXGDPYEAR-25-T0.1,4,2025-03-06T17:42:11.756449Z,19,81,yes
292,94abefc5-e91b-4bb1-b887-35b5147a935c,KXGDPYEAR-25-T0.1,99,2025-03-06T05:41:11.049282Z,19,81,yes
293,3143488a-0c33-4f30-9615-5d834c67b1da,KXGDPYEAR-25-T0.1,890,2025-03-05T23:24:22.736029Z,17,83,yes
294,e4a3572d-6f0b-4568-a8aa-fbd7e5ddffb3,KXGDPYEAR-25-T0.1,50,2025-03-05T20:31:15.969065Z,16,84,yes
295,500460aa-da7d-43e6-9426-cd29697f1909,KXGDPYEAR-25-T0.1,19,2025-03-05T05:08:50.39438Z,17,83,yes
296,cfc833f3-b6fe-4726-8629-4af3003a0f62,KXGDPYEAR-25-T0.1,9,2025-03-05T03:26:48.543481Z,15,85,yes
297,63a29716-655a-4829-a429-9b4f08127e47,KXGDPYEAR-25-T0.1,91,2025-03-05T03:26:48.543481Z,17,83,yes
298,e0b226b9-6ab8-4e47-8794-c361ff312876,KXGDPYEAR-25-T0.1,591,2025-03-05T03:22:47.773306Z,15,85,yes
299,ad05cb3b-e70f-4a46-bffd-7ecf2b63a745,KXGDPYEAR-25-T0.1,29,2025-03-05T03:22:47.773306Z,15,85,yes
300,f78359d7-3d5a-4fc9-bdee-4e63e5d94f58,KXGDPYEAR-25-T0.1,950,2025-03-05T03:20:51.914336Z,15,85,yes
301,d5d64794-d68a-4ea2-9591-5433696d31c8,KXGDPYEAR-25-T0.1,1021,2025-03-05T03:19:35.250572Z,15,85,yes
302,b5f3e205-9d8a-44ae-9615-8a004f0ff170,KXGDPYEAR-25-T0.1,979,2025-03-05T03:19:35.250572Z,15,85,yes
303,e1b4e232-d02c-4908-ad70-0bf841d496c2,KXGDPYEAR-25-T0.1,125,2025-03-01T15:11:46.984551Z,15,85,yes
304,eeb8b01a-7ce5-40fb-bf68-b0d5b02f6e75,KXGDPYEAR-25-T0.1,3,2025-02-28T21:56:48.571985Z,14,86,yes
305,c37fabf6-f89b-454b-af50-9aea199d1615,KXGDPYEAR-25-T0.1,1,2025-02-28T21:56:48.571985Z,14,86,yes
306,752cba4c-e27a-4cb6-961b-a8fa4544dfb6,KXGDPYEAR-25-T0.1,896,2025-02-28T21:56:48.571985Z,15,85,yes
307,41bda8b4-f341-402f-9376-826645826fc2,KXGDPYEAR-25-T0.1,100,2025-02-28T21:56:48.571985Z,14,86,yes
308,573013c5-db35-4e44-8f2b-305365ab2f1a,KXGDPYEAR-25-T0.1,4,2025-02-28T21:48:53.365371Z,13,87,no
309,d999097a-19ce-419b-8169-3a39811c71d1,KXGDPYEAR-25-T0.1,1,2025-02-28T21:48:31.700539Z,13,87,no
310,848d761c-5661-4762-8336-06c051dc18b5,KXGDPYEAR-25-T0.1,100,2025-02-28T16:44:37.339813Z,13,87,no
311,d2e450e4-4b07-4a8d-beb2-fb4fbfe552ab,KXGDPYEAR-25-T0.1,10,2025-02-28T16:07:23.477497Z,13,87,yes
312,ced5ffba-1c23-42f3-9fff-f74d9ec3a0e4,KXGDPYEAR-25-T0.1,10,2025-02-28T16:07:23.477497Z,13,87,yes
313,7516629e-9aef-4625-bbe4-0928b7425ce3,KXGDPYEAR-25-T0.1,1230,2025-02-28T16:07:23.477497Z,14,86,yes
314,ffacce65-7bdc-4fdf-bbbb-ba7e5d7c42af,KXGDPYEAR-25-T0.1,100,2025-02-28T16:07:23.366348Z,12,88,yes
315,c9e03fbb-3df7-4c49-b431-8fe789f94dac,KXGDPYEAR-25-T0.1,50,2025-02-28T16:07:23.366348Z,12,88,yes
316,a4c5d22e-c6ef-4141-ba22-c47ecb23c8d9,KXGDPYEAR-25-T0.1,71,2025-02-28T16:07:23.366348Z,12,88,yes
317,21ffc695-2305-4e7a-8aa3-c71e493c7e21,KXGDPYEAR-25-T0.1,50,2025-02-28T16:07:23.366348Z,12,88,yes
318,78b43e46-4e58-472b-ac0c-61d3671e5767,KXGDPYEAR-25-T0.1,85,2025-02-22T17:41:33.294843Z,11,89,yes
319,739c875a-e2a3-4eff-8084-8ef2043d854c,KXGDPYEAR-25-T0.1,200,2025-02-16T17:51:18.396571Z,12,88,no
320,f4b44efc-82d2-4f27-ac9b-4f7ad1fe9108,KXGDPYEAR-25-T0.1,114,2025-02-03T22:22:40.478582Z,13,87,no
321,e994f6bb-9404-4d95-bd11-7a96bf1bd052,KXGDPYEAR-25-T0.1,1259,2025-02-03T22:22:40.478582Z,13,87,no
322,07eadc9c-c05b-4ee2-8e7c-c35463b4a13f,KXGDPYEAR-25-T0.1,2146,2025-02-03T22:22:40.478582Z,13,87,no
323,9aefbf14-8d6a-42fa-95f5-ff692d1d8e73,KXGDPYEAR-25-T0.1,1,2025-02-03T15:51:04.508447Z,14,86,yes
324,2b7df0bc-6ccf-4b42-93cc-aadd8e89d2b3,KXGDPYEAR-25-T0.1,1000,2025-02-02T06:14:14.369128Z,14,86,yes
325,0c482757-9cc4-4ebf-8f33-2aebfb86859f,KXGDPYEAR-25-T0.1,200,2025-02-02T05:53:23.767517Z,14,86,yes
326,bf0bda5b-8667-43d7-aff4-bc46e91ab803,KXGDPYEAR-25-T0.1,82,2025-02-02T03:57:12.488608Z,13,87,no
327,65af1e39-ae31-46be-9165-1fc59e631827,KXGDPYEAR-25-T0.1,9600,2025-02-02T03:57:12.488608Z,13,87,no
328,3c452820-0fe4-4938-af69-6b5577502d17,KXGDPYEAR-25-T0.1,15,2025-02-02T03:57:12.488608Z,13,87,no
329,2a6cfa68-060e-4a9d-8293-41dc4a9fb5e5,KXGDPYEAR-25-T0.1,2337,2025-02-02T03:14:36.783416Z,14,86,yes
330,ff1842c9-8143-458e-8993-647b6b0f5311,KXGDPYEAR-25-T0.1,335,2025-02-02T02:48:29.686965Z,13,87,yes
331,c22ea89a-b54f-495f-9474-d4dd6fd78a6d,KXGDPYEAR-25-T0.1,2,2025-02-02T02:48:29.686965Z,13,87,yes
332,8ac2c87f-574f-4a96-baf9-a48c9435083a,KXGDPYEAR-25-T0.1,326,2025-02-02T02:48:29.686965Z,13,87,yes
333,7c7c8bb2-7f6f-48e4-83a2-9ce11a914851,KXGDPYEAR-25-T0.1,61,2025-02-01T01:21:46.662473Z,13,87,yes
334,61abbfeb-a9fe-47eb-adb4-4272e3f366c5,KXGDPYEAR-25-T0.1,20,2025-02-01T01:21:46.662473Z,13,87,yes
335,a3a0033e-da41-4819-a3bb-9b8da78f7399,KXGDPYEAR-25-T0.1,1,2025-02-01T01:20:00.635735Z,12,88,yes
336,cbaadc4d-0336-496e-931d-311943d6033b,KXGDPYEAR-25-T0.1,99,2025-02-01T01:19:30.670751Z,12,88,yes
337,d64e8207-a14f-4654-8fe0-949634d5188a,KXGDPYEAR-25-T0.1,4,2025-02-01T01:19:17.422798Z,11,89,yes
338,00e50fd1-7e1c-4ba0-a404-dac2ac611734,KXGDPYEAR-25-T0.1,15,2025-02-01T01:19:17.422798Z,11,89,yes
339,e0c8d67b-7613-4a6f-87f0-7916bd2910a5,KXGDPYEAR-25-T0.1,50,2025-01-31T05:11:57.323526Z,10,90,yes
340,a4648e86-9619-4273-bbf2-c12218c29f61,KXGDPYEAR-25-T0.1,7,2025-01-31T05:11:57.323526Z,11,89,yes
341,ca5dad24-6f68-4a23-bf7b-ce7f47420954,KXGDPYEAR-25-T0.1,9938,2025-01-31T01:27:06.125663Z,10,90,no
342,94213862-3dab-4cc8-8177-cce87d2e0d1c,KXGDPYEAR-25-T0.1,2,2025-01-31T01:27:06.125663Z,10,90,no
343,3d712436-d94d-41c8-97c2-a444ba27f33c,KXGDPYEAR-25-T0.1,2,2025-01-30T13:32:54.495814Z,11,89,no
344,d17384b2-803d-4bed-b5eb-e25ea5e89487,KXGDPYEAR-25-T0.1,26,2025-01-23T02:20:24.562027Z,11,89,no
345,ab72ee33-3c9d-4899-8f18-02814a2fc43d,KXGDPYEAR-25-T0.1,14,2025-01-23T02:20:24.562027Z,11,89,no
346,ae20c3ae-169d-41f4-8fb6-86e0de8e8b71,KXGDPYEAR-25-T0.1,13,2025-01-23T00:34:53.474136Z,14,86,yes
347,51796d72-08c8-490f-ba37-c3a547e05741,KXGDPYEAR-25-T0.1,114,2025-01-22T20:14:03.174135Z,11,89,no
348,c185c8d9-fdec-4b3b-98a1-179795915c13,KXGDPYEAR-25-T0.1,2,2025-01-21T14:00:29.516493Z,11,89,yes
349,ef8db5bd-e0fa-4693-a605-b02fd1ce32e5,KXGDPYEAR-25-T0.1,1,2025-01-20T19:16:16.975049Z,11,89,no
350,3b1ca561-324e-4d38-a4cf-5e2e5b2e6fef,KXGDPYEAR-25-T0.1,5,2025-01-20T19:16:16.975049Z,10,90,no
351,3de73b78-fa3d-42c3-89cf-0dba80f0280a,KXGDPYEAR-25-T0.1,24,2025-01-20T19:14:08.448515Z,11,89,no
352,13a89fcb-91f2-40b2-a207-929471e1d73c,KXGDPYEAR-25-T0.1,80,2025-01-20T19:14:08.448515Z,11,89,no
353,85b6e8a9-c99c-4548-b359-a8b359078ff4,KXGDPYEAR-25-T0.1,10,2025-01-20T18:17:32.542334Z,11,89,no
354,643fd05e-e213-4113-86b2-4f17b6459e18,KXGDPYEAR-25-T0.1,42,2025-01-20T18:16:52.115258Z,11,89,no
355,ded99b12-ca09-42e1-bde9-4018f4f8d4e2,KXGDPYEAR-25-T0.1,1499,2025-01-20T18:16:29.136187Z,12,88,no
356,ed7e884c-8c4a-47aa-b365-f8cd66ce87c5,KXGDPYEAR-25-T0.1,5,2025-01-20T18:16:12.859768Z,12,88,no
357,34a3f0a9-0bcb-4ac9-9da2-974d81aab1db,KXGDPYEAR-25-T0.1,1468,2025-01-20T18:16:12.859768Z,12,88,no
358,e6e3bc88-9770-45fc-9a2f-c2a58949d840,KXGDPYEAR-25-T0.1,1067,2025-01-06T20:58:56.133552Z,16,84,yes
359,cb7e89a0-fce7-45a9-be68-390fcb435cd2,KXGDPYEAR-25-T0.1,1500,2025-01-06T20:58:56.133552Z,18,82,yes
360,ca6e7e74-285e-426f-b918-f64458a5a4ef,KXGDPYEAR-25-T0.1,1000,2025-01-06T20:58:56.133552Z,18,82,yes
361,6441da34-9ff9-4743-b3b1-41fdec468cc6,KXGDPYEAR-25-T0.1,894,2025-01-06T20:58:56.133552Z,18,82,yes
362,641025d2-9c77-42f3-9537-81e1576c06a0,KXGDPYEAR-25-T0.1,1233,2025-01-06T20:58:56.133552Z,16,84,yes
363,45fd688a-4725-4534-b6ed-a679194f5c4c,KXGDPYEAR-25-T0.1,1400,2025-01-06T20:58:56.133552Z,17,83,yes
364,2af1133d-e33b-4a52-b816-12cbb2ab4d2c,KXGDPYEAR-25-T0.1,91,2025-01-06T20:58:56.133552Z,15,85,yes
365,05f6eead-fa11-4eeb-8198-83faa5380dee,KXGDPYEAR-25-T0.1,930,2025-01-06T20:58:56.133552Z,17,83,yes
366,0207e7be-cdfb-4018-840d-91387d3b7fa2,KXGDPYEAR-25-T0.1,170,2025-01-06T20:58:56.133552Z,17,83,yes
367,153fe080-d5d6-4e81-8488-96a30d9042f6,KXGDPYEAR-25-T0.1,67,2025-01-06T03:37:11.961755Z,16,84,yes
368,06a9c08f-be4b-4aa0-97bf-d0a6f5ac3cb9,KXGDPYEAR-25-T0.1,11,2025-01-05T20:27:13.260813Z,12,88,no
369,821ea6b6-759c-4544-b724-772f47e1e47d,KXGDPYEAR-25-T0.1,50,2025-01-04T05:10:54.227787Z,16,84,yes
370,59b36ff8-bec7-4a63-9fce-47783816854c,KXGDPYEAR-25-T0.1,170,2025-01-04T05:10:54.227787Z,17,83,yes
371,6306c8b0-0e25-4a66-9224-8e7c44946129,KXGDPYEAR-25-T0.1,200,2025-01-01T20:05:57.617979Z,14,86,yes
372,f50bcaa5-17c0-4bb6-869f-ba7e6d02c0aa,KXGDPYEAR-25-T0.1,344,2025-01-01T20:05:57.544732Z,13,87,yes
373,f7d544e4-06d8-4311-a016-b7844064081c,KXGDPYEAR-25-T0.1,500,2025-01-01T19:47:46.091929Z,14,86,no
374,bb0a2e62-372f-4acc-a163-b843ba6b4369,KXGDPYEAR-25-T0.1,800,2025-01-01T19:47:46.091929Z,14,86,no
375,4ecbda6b-0558-42c8-a0e2-2dbfae89be74,KXGDPYEAR-25-T0.1,1399,2025-01-01T19:45:38.615414Z,15,85,no
376,00d1468e-2905-4e17-ad44-23c03b8cc6a9,KXGDPYEAR-25-T0.1,1,2025-01-01T19:45:38.615414Z,15,85,no
377,6eb80703-d9d8-4537-b015-8bda484af93f,KXGDPYEAR-25-T0.1,1,2025-01-01T18:09:45.311337Z,15,85,no
378,a489d544-5f06-4215-9f9d-bdf5932c62d6,KXGDPYEAR-25-T0.1,10,2024-12-30T00:08:29.219706Z,9,91,yes
379,49ef66dd-d616-4396-b185-1ccae56a2850,KXGDPYEAR-25-T0.1,52,2024-12-28T01:05:40.24986Z,9,91,yes
380,1722f2ff-454a-44a8-9276-9a04a49cc93e,KXGDPYEAR-25-T0.1,52,2024-12-28T01:03:39.387894Z,9,91,yes
381,c95f0701-9ee8-44dc-aa88-46adc4b6c9a3,KXGDPYEAR-25-T0.1,3,2024-12-21T19:59:36.314107Z,2,98,no
382,f6a5a0d4-b87c-4a07-ad10-79f8f3cf49ba,KXGDPYEAR-25-T0.1,9,2024-12-20T15:35:07.815845Z,20,80,yes
383,2d604116-7db0-498e-8237-7cf58f8c3de4,KXGDPYEAR-25-B4.3,1250,2025-03-08T03:05:37.851675Z,1,99,no
384,121d2a78-7379-4dd9-8e64-8cfc63289e34,KXGDPYEAR-25-B4.3,1199,2025-03-08T03:05:04.958082Z,1,99,no
385,ea74881c-4e82-45ec-806d-120a45a49a2b,KXGDPYEAR-25-B4.3,100,2025-02-25T03:55:11.453224Z,2,98,yes
386,5334dc87-521e-4eb8-8aa4-c2d6ac968cb6,KXGDPYEAR-25-B4.3,19,2025-02-21T20:06:17.262814Z,2,98,no
387,8e516cdc-1b2a-468b-8540-ab8bc1c94a27,KXGDPYEAR-25-B4.3,3,2025-02-21T19:45:55.523361Z,2,98,no
388,739cd6d2-8931-422e-94f3-ac762ed30b3c,KXGDPYEAR-25-B4.3,127,2025-02-21T19:45:55.523361Z,2,98,no
389,f88fcab1-beb6-480e-965e-6c65234e6dae,KXGDPYEAR-25-B4.3,2500,2025-02-21T19:43:24.382059Z,2,98,no
390,3a4ab096-0674-47ec-bbef-296d99090cdb,KXGDPYEAR-25-B4.3,2445,2025-02-21T19:43:24.382059Z,2,98,no
391,21ff2550-2947-4413-adf3-62dedf90bf6c,KXGDPYEAR-25-B4.3,4,2025-02-21T19:43:24.382059Z,2,98,no
392,3b4ff9a3-962f-4a6e-8184-8d9a13efbe3f,KXGDPYEAR-25-B4.3,34,2025-02-14T19:44:49.63877Z,2,98,no
393,b1ce578a-a9d0-43a1-b882-38f4f8e189c7,KXGDPYEAR-25-B4.3,4,2025-02-14T19:44:00.930778Z,2,98,no
394,707dc01f-1c6d-4013-bcec-e990c0732a76,KXGDPYEAR-25-B4.3,14,2025-02-14T19:44:00.930778Z,2,98,no
395,78b1f211-7a75-4ee6-b9fc-7ffef6234afc,KXGDPYEAR-25-B4.3,16,2025-02-05T15:32:44.784466Z,2,98,no
396,4fb636ee-fb40-412c-8083-e0e6dd92b6ee,KXGDPYEAR-25-B4.3,4,2025-02-05T15:31:54.189595Z,2,98,no
397,02b6db34-dfcd-4b6f-9cfe-d4c0373be6e3,KXGDPYEAR-25-B4.3,145,2025-02-05T15:31:54.189595Z,2,98,no
398,b03b4a39-8dc6-4d34-bfc8-3171ccd9a2b7,KXGDPYEAR-25-B4.3,42,2025-02-02T21:25:20.646205Z,2,98,no
399,8f486e23-fd23-497e-8e84-0076600c6b45,KXGDPYEAR-25-B4.3,28,2025-02-02T21:25:20.646205Z,2,98,no
400,5e3586e3-89fc-4754-900b-8647ae0a11d3,KXGDPYEAR-25-B4.3,373,2025-02-02T21:25:20.646205Z,2,98,no
401,d0bcc207-d2e5-415d-897a-f2b87ecba9cd,KXGDPYEAR-25-B4.3,53,2025-02-02T03:59:15.133046Z,2,98,no
402,58e33196-2c68-4867-a773-e407806ae71a,KXGDPYEAR-25-B4.3,391,2025-02-02T03:58:08.299662Z,2,98,no
403,519d2db8-55f9-4d48-ac63-120871455a33,KXGDPYEAR-25-B4.3,357,2025-02-02T03:58:08.299662Z,2,98,no
404,ac0456e9-6b57-43c9-be8b-bf6ece142dc6,KXGDPYEAR-25-B4.3,65,2025-01-31T01:33:59.501953Z,2,98,no
405,ce05271c-f380-4107-a1f6-ef3461bc065a,KXGDPYEAR-25-B4.3,1,2025-01-23T02:20:54.194029Z,2,98,no
406,a84fe63f-81a4-4537-abd1-b8650e0e1d9b,KXGDPYEAR-25-B4.3,1,2025-01-23T02:20:54.194029Z,2,98,no
407,516eb57a-d3f1-4467-b138-d1ee6db69643,KXGDPYEAR-25-B4.3,86,2025-01-23T02:20:54.194029Z,2,98,no
408,f9af2fc6-a188-4808-a6dd-400ae012bd8e,KXGDPYEAR-25-B4.3,80,2025-01-20T18:17:15.282609Z,2,98,no
409,1c0ac618-c2cf-47bd-90cd-55816077701f,KXGDPYEAR-25-B4.3,2,2025-01-20T18:17:15.282609Z,2,98,no
410,7df433f7-9be5-4267-8ad5-c69c464be73d,KXGDPYEAR-25-B4.3,2531,2025-01-20T18:09:05.497706Z,2,98,no
411,6473e18b-650a-4e85-a239-e9bd22c0c494,KXGDPYEAR-25-B4.3,10,2025-01-20T18:09:05.497706Z,2,98,no
412,aafd6dd7-2ead-421d-bfa9-9b7cda87e792,KXGDPYEAR-25-B4.3,10,2025-01-16T20:44:37.676959Z,5,95,yes
413,96479b39-173d-4f66-91c5-af3f1cc79b67,KXGDPYEAR-25-B4.3,7,2025-01-16T20:44:37.676959Z,6,94,yes
414,bcc1194b-6d29-464f-bda1-77f69125b4d7,KXGDPYEAR-25-B4.3,3,2024-12-21T19:59:35.937Z,5,95,no
415,790e81fa-cbb3-460a-84dc-f1a7e170fe8a,KXGDPYEAR-25-B3.8,514,2025-05-30T15:43:41.232375Z,2,98,yes
416,fe0aa199-6299-4b55-9e7c-e674443700f3,KXGDPYEAR-25-B3.8,46,2025-05-27T21:04:23.373704Z,2,98,yes
417,75d09b6b-5f6b-4a31-9b76-6d5754881aed,KXGDPYEAR-25-B3.8,1,2025-04-02T20:13:45.430065Z,2,98,no
418,4f68d5c4-26d2-4ce4-a0c5-110a8cf13ec4,KXGDPYEAR-25-B3.8,1,2025-04-02T20:13:45.430065Z,2,98,no
419,58a0cfa8-65d6-480f-9483-3f299f06b55b,KXGDPYEAR-25-B3.8,329,2025-03-22T12:25:00.60538Z,2,98,no
420,59b42493-6994-4ee4-b378-efdec96ef60e,KXGDPYEAR-25-B3.8,1,2025-03-20T21:37:16.855631Z,4,96,yes
421,3373b7fc-b30c-401d-bfc2-d8b9d78f227e,KXGDPYEAR-25-B3.8,1,2025-03-14T16:34:12.949743Z,3,97,no
422,4d65a3c9-2688-4611-b688-0f3bc6875a21,KXGDPYEAR-25-B3.8,127,2025-02-22T17:43:23.779457Z,6,94,yes
423,222568e1-0692-4834-b179-26cbaa9750f6,KXGDPYEAR-25-B3.8,29,2025-02-22T17:43:23.779457Z,6,94,yes
424,e2287511-6201-4aff-bb84-ba715b58ebe2,KXGDPYEAR-25-B3.8,71,2025-02-22T17:43:05.767373Z,6,94,yes
425,d9e1494e-7c38-4041-a72f-879e28ffbf00,KXGDPYEAR-25-B3.8,2,2025-02-22T17:43:05.767373Z,5,95,yes
426,aea24f48-66c1-4507-9db9-9b6f26404228,KXGDPYEAR-25-B3.8,100,2025-02-22T17:43:05.767373Z,5,95,yes
427,9967f3e2-d2c3-4fa6-8519-aa7f1cc41afe,KXGDPYEAR-25-B3.8,4941,2025-02-21T19:45:26.769228Z,4,96,no
428,35e3d159-c5aa-44c6-bd61-dd4dcbab1827,KXGDPYEAR-25-B3.8,41,2025-02-21T19:45:26.769228Z,4,96,no
429,097c35d0-be0e-40cf-ba9a-956238f32b27,KXGDPYEAR-25-B3.8,59,2025-02-21T19:44:02.817264Z,5,95,no
430,cdc8cbde-600d-4b3a-be11-13f8d52720d0,KXGDPYEAR-25-B3.8,59,2025-02-21T19:43:46.939712Z,5,95,yes
431,d9ad8261-6392-43d4-a5c0-b6ad4d5ada8a,KXGDPYEAR-25-B3.8,100,2025-02-21T19:43:42.615935Z,5,95,yes
432,96cb4e2f-da64-4569-acbc-4065bfacc435,KXGDPYEAR-25-B3.8,107,2025-02-21T19:43:42.615935Z,5,95,yes
433,6aac65a1-e0f3-4c6d-aeb6-49c6572f88f9,KXGDPYEAR-25-B3.8,50,2025-02-17T02:01:02.678959Z,3,97,no
434,8023e9b6-9f87-409e-ac90-57d4edae47b8,KXGDPYEAR-25-B3.8,54,2025-02-14T19:44:55.220398Z,4,96,no
435,3b473d1c-b6c3-4993-9040-ae5cd34c8eb8,KXGDPYEAR-25-B3.8,22,2025-02-14T19:43:55.729517Z,4,96,no
436,392b74e8-584e-497b-8cea-83f977d1df1f,KXGDPYEAR-25-B3.8,6,2025-02-14T19:43:55.729517Z,4,96,no
437,bcebe869-47f4-4cf9-a250-fd6818493cf3,KXGDPYEAR-25-B3.8,259,2025-02-05T15:32:03.739571Z,4,96,no
438,5fdf296b-bb92-4cc2-a837-f5dc466d5fa3,KXGDPYEAR-25-B3.8,161,2025-02-05T15:32:03.739571Z,4,96,no
439,388b66c8-8295-4fdc-9b22-25b4308e0028,KXGDPYEAR-25-B3.8,6,2025-02-05T15:32:03.739571Z,4,96,no
440,d61a1d6f-66c7-41ea-a64d-58b190afdf6b,KXGDPYEAR-25-B3.8,166,2025-02-02T21:24:06.596675Z,4,96,no
441,436eca2c-fac9-407c-8216-deba3f89766f,KXGDPYEAR-25-B3.8,9950,2025-02-02T21:24:06.596675Z,4,96,no
442,dd24e8f5-e838-4107-8ed0-27751840b096,KXGDPYEAR-25-B3.8,661,2025-02-02T03:58:55.453881Z,5,95,no
443,98602299-ff81-4e1a-9434-4f25b2709444,KXGDPYEAR-25-B3.8,52,2025-02-02T03:58:55.453881Z,5,95,no
444,5591aeb8-42f7-4e29-ab18-077fdf2e4140,KXGDPYEAR-25-B3.8,715,2025-02-02T03:58:55.453881Z,5,95,no
445,0259f29a-c95b-47cd-88d4-ca5c489aac5c,KXGDPYEAR-25-B3.8,158,2025-01-31T01:34:09.577618Z,5,95,no
446,3230a717-1812-44ff-93c9-f9a289dcf5ad,KXGDPYEAR-25-B3.8,30,2025-01-26T16:51:34.529696Z,7,93,yes
447,18a7a30f-8d05-4ea6-b154-4e1847d9c68a,KXGDPYEAR-25-B3.8,20,2025-01-26T16:51:34.529696Z,6,94,yes
448,a1880bad-e2d9-4744-a86f-58cb5c47442a,KXGDPYEAR-25-B3.8,12,2025-01-20T19:14:37.87026Z,5,95,no
449,70094afb-f20e-4295-a744-b9f27a89fa4b,KXGDPYEAR-25-B3.8,1,2025-01-20T19:14:37.87026Z,5,95,no
450,214e1d4e-5436-4dd9-be40-5ba69fc61281,KXGDPYEAR-25-B3.8,2,2025-01-20T19:14:37.87026Z,5,95,no
451,5729b99a-771f-4cf3-b7ed-56f62e89925b,KXGDPYEAR-25-B3.8,74,2025-01-20T18:17:09.084709Z,5,95,no
452,25f737b1-4094-4db8-b99e-4d077cd145fa,KXGDPYEAR-25-B3.8,2,2025-01-20T18:17:09.084709Z,5,95,no
453,5283d969-92b1-4a57-afb7-0a13a99e1106,KXGDPYEAR-25-B3.8,171,2025-01-20T18:16:02.385276Z,5,95,no
454,489c8411-a206-42fe-b84d-3d6060e4e052,KXGDPYEAR-25-B3.8,2,2025-01-20T18:16:02.385276Z,5,95,no
455,a4a1be65-3697-4888-aee1-b7941a1f5071,KXGDPYEAR-25-B3.8,20,2025-01-20T18:08:56.161516Z,4,96,no
456,18edc207-730c-446f-9c35-ca18ef25a1af,KXGDPYEAR-25-B3.8,50,2025-01-20T18:08:56.161516Z,5,95,no
457,fd32f5b3-25da-4009-8132-8637df24f911,KXGDPYEAR-25-B3.8,10,2025-01-16T20:44:27.426084Z,7,93,yes
458,8e8e0fa0-947f-4270-a4a5-2316ea03e1a1,KXGDPYEAR-25-B3.8,3,2025-01-16T20:44:27.426084Z,7,93,yes
459,39fc68f7-a49a-4168-a68e-a53804e852fd,KXGDPYEAR-25-B3.8,10,2025-01-10T05:40:47.636493Z,5,95,no
460,d739ea88-df68-48dd-9e6b-df3998985bca,KXGDPYEAR-25-B3.8,3,2024-12-21T19:59:35.834929Z,7,93,no
461,65e4e709-eeee-4f6b-b26a-6e0d4e4cc7c5,KXGDPYEAR-25-B3.8,50,2024-12-21T16:36:12.864064Z,10,90,yes
462,de9b2238-722d-41cd-adcd-e0572b8caa1e,KXGDPYEAR-25-B3.3,312,2025-09-01T23:10:41.27318Z,3,97,yes
463,19b57445-e4a9-4398-9c80-b8df24d3535d,KXGDPYEAR-25-B3.3,124,2025-08-13T01:36:12.922797Z,3,97,yes
464,2b6cb87b-e8bd-4773-b47a-1d1aa7d6560e,KXGDPYEAR-25-B3.3,2905,2025-07-31T12:34:29.301077Z,1,99,no
465,01488e06-b0d0-41f0-609f-693158b6bddb,KXGDPYEAR-25-B3.3,6,2025-07-30T15:42:48.299462Z,2,98,no
466,d08b7f43-fb61-4ed6-87e4-0dacdbc5ea4b,KXGDPYEAR-25-B3.3,30,2025-07-30T02:43:41.793296Z,2,98,no
467,5e93d1dd-4b63-4d46-9735-7e00e0a9622c,KXGDPYEAR-25-B3.3,1028,2025-07-29T14:57:58.440473Z,2,98,no
468,02a151d0-896b-41e8-b852-d4051e365959,KXGDPYEAR-25-B3.3,7,2025-07-29T14:48:27.90136Z,2,98,no
469,60862c69-1d42-4685-9fdc-e448ca4626be,KXGDPYEAR-25-B3.3,100,2025-07-29T14:48:24.546618Z,2,98,yes
470,9080e97c-1b11-4e25-9a8c-7e75edfc6332,KXGDPYEAR-25-B3.3,89,2025-07-28T16:01:16.587162Z,3,97,yes
471,1f01fd5d-a5fd-4a62-abaa-1d8f96451097,KXGDPYEAR-25-B3.3,100,2025-07-28T16:01:16.587162Z,2,98,yes
472,619c82de-ff26-4f56-94a0-23f2baab7635,KXGDPYEAR-25-B3.3,500,2025-07-21T12:49:32.842206Z,1,99,no
473,5d5704ab-d9ed-4376-8701-8c90734149d5,KXGDPYEAR-25-B3.3,7,2025-07-21T12:49:32.842206Z,1,99,no
474,ff67e9bf-977c-4d7d-9aa3-43db8778e037,KXGDPYEAR-25-B3.3,156,2025-07-03T04:04:36.235276Z,3,97,yes
475,dc15cd82-75ad-41cc-a707-5f3499fefbef,KXGDPYEAR-25-B3.3,37,2025-06-27T13:12:41.807082Z,1,99,no
476,90ab55e4-4c30-4428-82d9-12f2f0282388,KXGDPYEAR-25-B3.3,72,2025-06-27T13:12:41.807082Z,1,99,no
477,4c99a0e6-b92c-4fdc-bb2c-8542c5530b14,KXGDPYEAR-25-B3.3,4447,2025-06-27T13:12:41.807082Z,1,99,no
478,d2ee6d48-e947-4b17-9f7c-0b596695461e,KXGDPYEAR-25-B3.3,671,2025-06-26T12:59:41.743897Z,2,98,no
479,b199705b-bac8-4f6e-8bfa-021b0d015609,KXGDPYEAR-25-B3.3,5,2025-06-26T12:59:41.743897Z,1,99,no
480,63fcf636-89a8-4fcd-99bd-b7aa50fafb58,KXGDPYEAR-25-B3.3,12,2025-06-26T12:59:35.004057Z,2,98,yes
481,108816d8-d562-4fb2-9824-e2890dc4eb9b,KXGDPYEAR-25-B3.3,14,2025-06-25T23:15:31.056872Z,2,98,yes
482,b3816434-f796-42bb-8615-12d99c40a0c2,KXGDPYEAR-25-B3.3,14,2025-06-25T23:15:25.827329Z,2,98,yes
483,1f44a320-70e5-4451-8c50-5b0391f035fc,KXGDPYEAR-25-B3.3,10,2025-06-25T20:26:50.938584Z,2,98,no
484,e1fa4a62-f943-4904-8b75-af07e9dd2507,KXGDPYEAR-25-B3.3,5,2025-06-25T20:26:47.400906Z,2,98,yes
485,7faaea7c-e902-48d3-af77-a091b64cc210,KXGDPYEAR-25-B3.3,5,2025-06-25T20:26:47.400906Z,2,98,yes
486,35d5c5b8-5e4a-4fa0-ad87-6bfb793d8da7,KXGDPYEAR-25-B3.3,10,2025-06-25T20:26:47.400906Z,2,98,yes
487,188b9493-b472-4610-b631-c6383190b414,KXGDPYEAR-25-B3.3,10,2025-06-21T06:24:15.974489Z,1,99,no
488,e6afbfe5-4a67-481e-b6a1-77cf7a3f9bbc,KXGDPYEAR-25-B3.3,5,2025-06-10T22:46:16.034472Z,1,99,no
489,aa1ad5be-886b-4093-a67e-0b76de53e2af,KXGDPYEAR-25-B3.3,62,2025-05-30T19:12:22.243318Z,3,97,yes
490,b5285efa-69d1-4f3d-b1be-4b667662dd51,KXGDPYEAR-25-B3.3,1529,2025-05-30T15:12:09.78187Z,3,97,yes
491,ccdc66a1-0b5c-4c6d-90f3-ce6fb7c26329,KXGDPYEAR-25-B3.3,62,2025-05-27T21:04:13.280847Z,3,97,yes
492,fe610cbc-4ad6-4556-ae9f-3d8e4bbbfa14,KXGDPYEAR-25-B3.3,850,2025-05-20T15:20:47.936951Z,3,97,yes
493,242c083e-3c9a-48bc-91ec-ab308bdf8517,KXGDPYEAR-25-B3.3,3,2025-05-18T03:21:01.94947Z,3,97,yes
494,d2d5d70a-0bff-4d3e-a124-ec6fbe4e9fc2,KXGDPYEAR-25-B3.3,800,2025-05-14T05:52:46.716237Z,3,97,yes
495,cff7aac4-8b06-48b4-b441-e7287025a129,KXGDPYEAR-25-B3.3,578,2025-04-22T20:45:00.679587Z,3,97,yes
496,64c2f8cc-fed6-4b49-acc6-51d997fe31bc,KXGDPYEAR-25-B3.3,2543,2025-04-22T20:45:00.679587Z,3,97,yes
497,5f470f04-8f61-4525-90eb-7cf6fe39dea9,KXGDPYEAR-25-B3.3,100,2025-04-22T12:32:28.079092Z,3,97,yes
498,0ef90eab-03ef-4b1f-93e9-2e9327da77c9,KXGDPYEAR-25-B3.3,8,2025-04-22T12:32:28.079092Z,3,97,yes
499,631480f6-f937-4b4e-8af4-faeb6b046da3,KXGDPYEAR-25-B3.3,84,2025-04-05T18:31:55.02568Z,3,97,no
500,fb1a3d32-c2fa-4eba-adc3-3324df6a2c16,KXGDPYEAR-25-B3.3,10,2025-04-04T21:21:11.400592Z,4,96,yes
501,5baaedcf-892a-43bc-bafe-2ee29046d660,KXGDPYEAR-25-B3.3,209,2025-04-04T15:41:53.355073Z,3,97,no
502,8254efa3-491f-4da9-abbc-04121d14d727,KXGDPYEAR-25-B3.3,16,2025-04-02T21:16:25.542654Z,4,96,no
503,a9a86532-0e04-4f96-8fbb-414f5c596496,KXGDPYEAR-25-B3.3,1228,2025-04-02T17:33:49.199641Z,4,96,no
504,8d933a80-4820-4c74-bd3e-6206eb2c2fca,KXGDPYEAR-25-B3.3,59,2025-03-22T12:25:06.302636Z,5,95,no
505,4276a862-7ead-4c9d-8a24-d712bc04c286,KXGDPYEAR-25-B3.3,35,2025-03-22T12:25:06.302636Z,4,96,no
506,ece49f30-c712-4e45-bdaf-534b6bd8297c,KXGDPYEAR-25-B3.3,1,2025-03-14T16:33:40.716204Z,5,95,no
507,bd9da7cc-834d-44f2-9cec-cf4bacc469bf,KXGDPYEAR-25-B3.3,1500,2025-03-07T15:12:08.69709Z,5,95,no
508,acf3c693-bb9c-47ad-bb73-31655d213082,KXGDPYEAR-25-B3.3,71,2025-02-22T17:42:54.286203Z,10,90,yes
509,3e0f7a6f-b571-4453-80fe-34026e291ea4,KXGDPYEAR-25-B3.3,23,2025-02-22T17:42:54.286203Z,10,90,yes
510,637c6788-142c-480d-99e7-344e4e880ba6,KXGDPYEAR-25-B3.3,1,2025-02-22T02:24:26.992967Z,10,90,yes
511,e8fa31e3-063a-410d-acd4-53f5653a5877,KXGDPYEAR-25-B3.3,13,2025-02-21T19:46:30.383112Z,9,91,no
512,b630232a-d25a-4484-be9a-3fc74344c09d,KXGDPYEAR-25-B3.3,530,2025-02-21T19:46:30.383112Z,9,91,no
513,981f4215-699d-4fd3-8d71-822053628c8d,KXGDPYEAR-25-B3.3,11,2025-02-21T19:46:30.383112Z,9,91,no
514,56e67f8f-6cce-475c-bbe5-1c8a15767b39,KXGDPYEAR-25-B3.3,6,2025-02-21T19:44:22.593564Z,9,91,no
515,787ee057-abaf-440c-8a36-b024dcfae21e,KXGDPYEAR-25-B3.3,464,2025-02-21T19:44:15.323662Z,9,91,no
516,6dcef988-0e5a-4adb-9cdb-f4f2aafe4726,KXGDPYEAR-25-B3.3,131,2025-02-21T19:44:15.323662Z,9,91,no
517,41378298-2f71-475c-8d0e-81dd36e4e776,KXGDPYEAR-25-B3.3,19,2025-02-21T19:44:15.323662Z,9,91,no
518,0de0bd8e-70ff-41c3-af83-b0f51be2f97b,KXGDPYEAR-25-B3.3,3,2025-02-21T19:44:15.323662Z,9,91,no
519,9cd28897-0764-46c0-a510-39aabbbd6236,KXGDPYEAR-25-B3.3,50,2025-02-21T19:43:42.103727Z,9,91,yes
520,ff4bcbcf-b537-41c0-b4f5-109877f87a96,KXGDPYEAR-25-B3.3,93,2025-02-14T19:45:06.204773Z,8,92,no
521,a05723af-b04d-4e0f-9b30-72fab55fe49a,KXGDPYEAR-25-B3.3,68,2025-02-14T19:43:33.553653Z,8,92,no
522,789a12a9-df70-4275-bb10-f2f3e5bed684,KXGDPYEAR-25-B3.3,287,2025-02-14T19:43:33.553653Z,8,92,no
523,bd510639-404c-45c6-b565-43031111c15f,KXGDPYEAR-25-B3.3,106,2025-02-10T15:17:25.492871Z,8,92,no
524,47813523-9277-4e34-ae78-53b46695dfee,KXGDPYEAR-25-B3.3,2,2025-02-10T15:17:25.492871Z,8,92,no
525,dc37629e-df54-4cce-818e-211c5d22c403,KXGDPYEAR-25-B3.3,10,2025-02-06T00:38:41.383675Z,9,91,yes
526,a7a17d83-1a83-4dd0-bfe0-b7baf0534283,KXGDPYEAR-25-B3.3,28,2025-02-06T00:38:41.383675Z,10,90,yes
527,98ead5a9-8fa9-478b-aed0-3810856b1377,KXGDPYEAR-25-B3.3,10,2025-02-06T00:38:41.383675Z,9,91,yes
528,4f3a9519-7f96-4d11-b6a9-d173270cdd80,KXGDPYEAR-25-B3.3,9,2025-02-04T07:19:57.618365Z,8,92,no
529,b4f6b4a0-41c2-4609-bf57-dda56ac15ba0,KXGDPYEAR-25-B3.3,1023,2025-02-02T21:24:29.54253Z,8,92,no
530,d5c21033-10f4-4815-92b1-456c0af26708,KXGDPYEAR-25-B3.3,147,2025-02-02T21:24:15.364513Z,8,92,no
531,c742cf3a-7b7c-4a33-913a-da6dfa704556,KXGDPYEAR-25-B3.3,868,2025-02-02T21:24:15.364513Z,8,92,no
532,806517e2-456f-434d-b738-89c1f5f3e817,KXGDPYEAR-25-B3.3,74,2025-02-02T21:24:15.364513Z,8,92,no
533,36ae8776-8494-40f3-9465-9b1fa18f8cf7,KXGDPYEAR-25-B3.3,50,2025-02-02T06:23:38.377846Z,8,92,no
534,544831c4-5279-4dc9-9ffe-278b3983b608,KXGDPYEAR-25-B3.3,59,2025-01-31T01:27:48.089504Z,9,91,no
535,26fef743-4fc2-4d5f-8de4-013d299abe88,KXGDPYEAR-25-B3.3,1057,2025-01-31T01:27:48.089504Z,9,91,no
536,bbea756d-ebe0-42c2-be69-92e88844506b,KXGDPYEAR-25-B3.3,1500,2025-01-30T13:34:16.996905Z,8,92,no
537,4df37d4f-2d3d-49e6-bf0e-abe4156199db,KXGDPYEAR-25-B3.3,2,2025-01-20T19:15:15.150375Z,9,91,no
538,210e06bb-77ea-497d-88dc-9340b94d9d0b,KXGDPYEAR-25-B3.3,10,2025-01-20T19:15:00.734155Z,9,91,no
539,ad1dcd79-d719-412d-bf8a-8084fbbcd066,KXGDPYEAR-25-B3.3,32,2025-01-05T20:31:18.65409Z,12,88,yes
540,31f7f312-cdb0-4c63-99d2-fc467459e96a,KXGDPYEAR-25-B3.3,50,2025-01-05T20:31:18.65409Z,11,89,yes
541,538bec1a-1653-4041-b44e-dd3c57b304a9,KXGDPYEAR-25-B3.3,3,2024-12-21T19:59:35.610853Z,10,90,no
542,bcae3315-c07e-4567-b2eb-52b7065d6d8d,KXGDPYEAR-25-B2.8,312,2025-09-01T23:11:01.167375Z,3,97,yes
543,bf92b8d9-ef15-4a46-9975-6d2d6ca59d32,KXGDPYEAR-25-B2.8,10,2025-08-31T21:12:24.34579Z,1,99,no
544,722f6f95-87d5-445b-8d7f-9a7d4a0c472f,KXGDPYEAR-25-B2.8,156,2025-08-30T06:09:48.755814Z,3,97,yes
545,8d6c2ca4-1fbd-4e1d-ae0f-74b534d6662c,KXGDPYEAR-25-B2.8,500,2025-08-27T05:51:09.223767Z,2,98,yes
546,427d91fe-231f-4d07-a43d-9970f9980fed,KXGDPYEAR-25-B2.8,234,2025-08-27T05:51:09.223767Z,3,97,yes
547,32a43832-0e48-4d96-ba52-f0ad25374b7d,KXGDPYEAR-25-B2.8,1024,2025-08-27T05:51:09.223767Z,3,97,yes
548,85c4791e-1bea-4137-9ddd-b7f9cf8a3b73,KXGDPYEAR-25-B2.8,500,2025-08-23T04:51:25.185471Z,1,99,no
549,b72bd04d-9a7a-4fe5-8e5a-0fe230c4719e,KXGDPYEAR-25-B2.8,468,2025-08-13T01:36:27.729318Z,4,96,yes
550,68939d4e-dde1-4c32-a049-d4197fc85260,KXGDPYEAR-25-B2.8,95,2025-08-13T01:35:41.647759Z,4,96,yes
551,476fc49d-7aab-459a-938e-dd9f65b9bbb3,KXGDPYEAR-25-B2.8,22,2025-08-13T01:35:41.647759Z,4,96,yes
552,bb97616a-3cb5-4046-8226-6fa6bc9d0d41,KXGDPYEAR-25-B2.8,10,2025-08-01T14:48:48.43925Z,2,98,no
553,6a88cd34-76ea-7e5f-080a-bf4df551c41c,KXGDPYEAR-25-B2.8,173,2025-07-30T15:43:16.552251Z,2,98,no
554,c14b9b2e-ed29-53f0-487d-497de13a30ba,KXGDPYEAR-25-B2.8,78,2025-07-30T14:35:44.370826Z,6,94,yes
555,66e48d0a-8763-4279-b028-95b7f278ffad,KXGDPYEAR-25-B2.8,134,2025-07-28T16:01:24.959163Z,7,93,yes
556,42bf5f11-0802-4b15-813d-8d49a17b33e8,KXGDPYEAR-25-B2.8,11,2025-07-24T02:59:05.295776Z,7,93,yes
557,c40256c0-bd2b-4ed1-929c-88e9abb0a9b7,KXGDPYEAR-25-B2.8,60,2025-07-24T02:33:15.305421Z,6,94,yes
558,8e153818-7122-4f65-8d86-9d855b9e32c4,KXGDPYEAR-25-B2.8,3668,2025-07-17T12:36:06.841052Z,4,96,no
559,364af8a0-3d93-4844-a6a2-41820690c662,KXGDPYEAR-25-B2.8,250,2025-07-17T12:36:06.841052Z,4,96,no
560,35c0bf62-577a-4c6c-8f1b-d6e07cd21b3a,KXGDPYEAR-25-B2.8,3592,2025-07-16T20:33:05.483575Z,5,95,no
561,2c1d4194-bddd-46be-996c-0441478cb8e5,KXGDPYEAR-25-B2.8,2800,2025-07-16T19:40:11.032921Z,6,94,no
562,362079a0-ad93-49b8-a828-0749c586547c,KXGDPYEAR-25-B2.8,25,2025-07-16T00:29:21.301744Z,5,95,no
563,c58fef74-1c7e-4878-b9a8-5003b06ad09a,KXGDPYEAR-25-B2.8,10,2025-07-14T20:15:22.031617Z,9,91,yes
564,de9104a4-6b39-4af1-b4a8-0083f711cc69,KXGDPYEAR-25-B2.8,208,2025-07-10T00:50:58.239496Z,9,91,yes
565,f7adf10d-5d8e-4f12-82f5-ca23fcaea3f3,KXGDPYEAR-25-B2.8,32,2025-07-05T03:27:50.336876Z,8,92,yes
566,afec995d-fd0c-4697-a740-860329ec9686,KXGDPYEAR-25-B2.8,75,2025-07-05T03:27:50.336876Z,9,91,yes
567,f7bbf4a0-be36-4d6c-b382-3cea3454ba2d,KXGDPYEAR-25-B2.8,18,2025-07-02T23:04:31.681452Z,5,95,no
568,ae8724d1-e16b-40f7-8e58-01c068b204ea,KXGDPYEAR-25-B2.8,1558,2025-07-02T23:04:31.681452Z,5,95,no
569,9af196f5-92ba-4c68-986b-8666c0573f4f,KXGDPYEAR-25-B2.8,6,2025-07-02T23:04:31.681452Z,5,95,no
570,58ff66f1-b5c6-4748-8893-95fb8ba18b28,KXGDPYEAR-25-B2.8,15,2025-07-01T16:59:35.34478Z,5,95,no
571,41a196fe-aba0-4870-ab55-e2218224db32,KXGDPYEAR-25-B2.8,20,2025-06-27T17:30:27.126887Z,6,94,no
572,6dc24cf6-8072-4f66-8164-df81ba832977,KXGDPYEAR-25-B2.8,2575,2025-06-27T13:07:42.281658Z,6,94,no
573,4915a922-ae37-496c-a77a-da3818c4e0f9,KXGDPYEAR-25-B2.8,24,2025-06-27T13:07:42.281658Z,6,94,no
574,47fd0a89-c412-4587-bcfa-346107ec0473,KXGDPYEAR-25-B2.8,20,2025-06-27T13:07:26.017399Z,7,93,no
575,1b0e8bed-1476-4ecc-bd99-d487d43248de,KXGDPYEAR-25-B2.8,32,2025-06-27T13:07:26.017399Z,7,93,no
576,f97e1976-bd83-454e-8953-b92ec4e0c2ae,KXGDPYEAR-25-B2.8,2913,2025-06-27T12:34:17.563834Z,7,93,no
577,efd5d9cf-e478-426f-a7e9-0d4fc78160d2,KXGDPYEAR-25-B2.8,5,2025-06-27T12:34:17.563834Z,7,93,no
578,8e1525cf-f514-44e7-8458-088ebf9a20fe,KXGDPYEAR-25-B2.8,20,2025-06-27T12:34:17.563834Z,8,92,no
579,49ac6012-9c35-46bc-84f8-2c14e79c15ff,KXGDPYEAR-25-B2.8,1943,2025-06-27T12:34:17.563834Z,7,93,no
580,0fcacfa9-7fb5-4a63-9826-518544e240ab,KXGDPYEAR-25-B2.8,682,2025-06-26T12:59:36.734251Z,8,92,no
581,cd2a02c6-a632-45d3-8055-cb4f8de23b69,KXGDPYEAR-25-B2.8,200,2025-06-25T23:15:32.74075Z,10,90,yes
582,89a03b71-442d-45f6-a3ad-fa96bb01cc93,KXGDPYEAR-25-B2.8,150,2025-06-25T23:15:32.74075Z,11,89,yes
583,46ea1f4c-afda-4c34-a308-107183e63384,KXGDPYEAR-25-B2.8,20,2025-06-25T23:15:32.74075Z,10,90,yes
584,1adc4dc6-0246-4e16-9eb5-7606eb2c66b7,KXGDPYEAR-25-B2.8,10,2025-06-21T06:23:30.972332Z,8,92,no
585,92d7f475-c0ed-4057-bbfa-9cf1715a205c,KXGDPYEAR-25-B2.8,20,2025-06-11T21:19:12.25049Z,6,94,no
586,6c67cc9e-06d2-4399-a358-68c7f3dd3019,KXGDPYEAR-25-B2.8,226,2025-06-11T21:19:12.25049Z,5,95,no
587,04cc6867-79a2-4573-bf29-69eda914226d,KXGDPYEAR-25-B2.8,4,2025-06-11T21:19:12.25049Z,6,94,no
588,d7aa8aac-fd02-4ff6-bb73-495cd92214fc,KXGDPYEAR-25-B2.8,530,2025-05-30T19:42:10.262423Z,10,90,yes
589,ac3165e8-883a-4d51-b995-e1a78ea76421,KXGDPYEAR-25-B2.8,163,2025-05-30T19:42:10.262423Z,10,90,yes
590,574ce054-a2bf-4347-851d-9fe1a1c786c1,KXGDPYEAR-25-B2.8,275,2025-05-30T19:42:10.262423Z,9,91,yes
591,c9b78ce7-a35b-457c-8a28-26848ba9547b,KXGDPYEAR-25-B2.8,2611,2025-05-30T19:41:23.232376Z,9,91,yes
592,12ad9827-dfaa-44b1-a909-b4effcc53f98,KXGDPYEAR-25-B2.8,10,2025-05-30T19:14:17.913389Z,9,91,yes
593,53091f3e-00d2-4a1b-86a2-8f4f1288c394,KXGDPYEAR-25-B2.8,104,2025-05-30T02:18:19.031582Z,9,91,yes
594,6e64dbbb-5ce0-4599-bb47-5a73c89a5cf5,KXGDPYEAR-25-B2.8,250,2025-05-27T15:34:13.928423Z,10,90,yes
595,8d4c9fd8-01ce-4b5a-b798-902b2b613c7b,KXGDPYEAR-25-B2.8,28,2025-05-24T23:38:45.682397Z,10,90,yes
596,d7f7c5f7-8d99-4fb3-8d24-69625e60e10c,KXGDPYEAR-25-B2.8,794,2025-05-23T15:37:02.644116Z,9,91,yes
597,d35192da-9d44-45e7-b7c6-b4c2bc849fc1,KXGDPYEAR-25-B2.8,4,2025-05-23T15:37:02.644116Z,9,91,yes
598,2b63b1e2-11df-45db-a17c-e61c5ef3545e,KXGDPYEAR-25-B2.8,3,2025-05-23T15:37:02.644116Z,9,91,yes
599,d064831e-4d3b-4420-8779-b7c2e310d7e7,KXGDPYEAR-25-B2.8,6,2025-05-18T15:47:02.228065Z,9,91,yes
600,2ef2fd9b-6355-4651-8f28-faecf12bc623,KXGDPYEAR-25-B2.8,25,2025-05-18T15:47:02.228065Z,9,91,yes
601,f911b5aa-dd6c-407a-83c3-9b863c4ed863,KXGDPYEAR-25-B2.8,3,2025-05-18T03:20:44.722584Z,9,91,yes
602,683c319b-b1b1-43c3-a709-870cd5d4199d,KXGDPYEAR-25-B2.8,52,2025-05-16T13:56:58.74045Z,9,91,yes
603,f933e63d-c2aa-4c44-93bf-4d4d1198737c,KXGDPYEAR-25-B2.8,28,2025-05-16T02:05:56.21207Z,9,91,yes
604,ed54c8e9-0131-495c-8fdc-c274ad5e46bc,KXGDPYEAR-25-B2.8,213,2025-05-16T02:05:56.21207Z,10,90,yes
605,d0e1afc7-bac1-4541-8a9f-757f959a602f,KXGDPYEAR-25-B2.8,19,2025-05-16T02:05:56.21207Z,8,92,yes
606,a7ce39f4-8e45-40dd-a692-0a7f4f577725,KXGDPYEAR-25-B2.8,18,2025-05-16T02:05:56.21207Z,8,92,yes
607,7406599e-c8b8-41c5-9eea-fa028993cb85,KXGDPYEAR-25-B2.8,89,2025-05-16T02:05:56.21207Z,9,91,yes
608,314bef3a-9553-4906-be09-86eb9f52cbe4,KXGDPYEAR-25-B2.8,39,2025-05-16T02:05:56.21207Z,8,92,yes
609,26b5a638-b793-42c2-b65e-55906e22ac33,KXGDPYEAR-25-B2.8,100,2025-05-16T02:05:56.21207Z,10,90,yes
610,a4840164-fb3b-4ff7-b3ef-9d2293d93aa7,KXGDPYEAR-25-B2.8,3,2025-05-15T14:03:31.917984Z,8,92,yes
611,9c620ae4-17da-4fc5-9eff-06827f4e9ef3,KXGDPYEAR-25-B2.8,185,2025-05-15T14:03:31.917984Z,9,91,yes
612,ca4550a7-d720-439c-921f-3c3961571e86,KXGDPYEAR-25-B2.8,1762,2025-05-15T12:31:51.297458Z,8,92,no
613,37667158-ca8c-4dde-8066-52fd7e05e89e,KXGDPYEAR-25-B2.8,56,2025-05-15T12:31:51.297458Z,8,92,no
614,bb5f352d-ed6a-40f3-81b0-8a91882caf4e,KXGDPYEAR-25-B2.8,208,2025-05-15T03:18:51.942402Z,9,91,yes
615,00fd72db-154b-4a9f-bf8c-bb38ef934975,KXGDPYEAR-25-B2.8,15,2025-05-15T01:06:57.805678Z,9,91,yes
616,1ba9c803-67b7-495e-b1e1-65027b2a8a17,KXGDPYEAR-25-B2.8,20,2025-05-14T22:01:53.812195Z,9,91,yes
617,37bd2139-18ee-4e5f-ae40-38fba5414f07,KXGDPYEAR-25-B2.8,50,2025-05-14T20:58:49.132681Z,9,91,yes
618,3ea67ec3-e46c-46bf-9f99-6cd56f6ef4e3,KXGDPYEAR-25-B2.8,73,2025-05-14T20:56:27.444118Z,9,91,yes
619,7274cfa0-ea53-42a1-b44c-441a847076dd,KXGDPYEAR-25-B2.8,10,2025-05-14T19:11:38.23857Z,8,92,no
620,0faab544-7767-4427-a624-01454511f03d,KXGDPYEAR-25-B2.8,50,2025-05-14T19:11:32.049675Z,8,92,no
621,fad2b7b4-5d14-4225-af97-af5ea3229212,KXGDPYEAR-25-B2.8,1,2025-05-14T19:11:11.647095Z,8,92,no
622,b8ee6075-233f-4a9e-9ed5-8c4c63431f31,KXGDPYEAR-25-B2.8,1,2025-05-14T19:10:20.412624Z,8,92,yes
623,62e5ad59-869c-45d3-868e-aeafc1100d27,KXGDPYEAR-25-B2.8,176,2025-05-14T19:10:20.412624Z,8,92,yes
624,b362bf24-a89a-4335-b990-8f52cb88cd9b,KXGDPYEAR-25-B2.8,11,2025-05-14T15:07:04.317469Z,8,92,yes
625,98fa3738-7277-4c68-a5e8-4629db94a7b4,KXGDPYEAR-25-B2.8,25,2025-05-14T12:40:24.632846Z,8,92,yes
626,ef1790f8-6af9-4b67-9115-fa5bd8752812,KXGDPYEAR-25-B2.8,4,2025-05-14T05:48:56.834207Z,9,91,yes
627,5f3a9203-dcba-4f6d-ae13-14c6662f92fb,KXGDPYEAR-25-B2.8,93,2025-05-14T05:48:56.834207Z,7,93,yes
628,121e88a3-82e6-4cd1-96b9-78a19633a878,KXGDPYEAR-25-B2.8,80,2025-05-14T05:48:56.834207Z,7,93,yes
629,0b92603a-b414-4d1d-a124-d2322917c772,KXGDPYEAR-25-B2.8,649,2025-05-14T05:48:56.834207Z,8,92,yes
630,0a5db931-5f52-4891-b0a3-f8f27c44acf6,KXGDPYEAR-25-B2.8,762,2025-05-14T05:48:56.834207Z,9,91,yes
631,055a12b2-1889-4147-891c-5ff6f0dca2c9,KXGDPYEAR-25-B2.8,12,2025-05-14T05:48:56.834207Z,8,92,yes
632,507739cd-76b0-43ea-b2e2-c2bc86518dac,KXGDPYEAR-25-B2.8,12,2025-05-14T05:36:49.617546Z,7,93,no
633,e8bb97b2-3c84-4473-b74d-7a9e5e203b38,KXGDPYEAR-25-B2.8,9,2025-05-14T05:36:39.189993Z,7,93,no
634,3a02004b-2143-471c-9959-d34d034b7b23,KXGDPYEAR-25-B2.8,176,2025-05-14T05:36:36.744585Z,8,92,yes
635,ea7a45a5-b3ad-47a8-b2ba-f51575fa33c1,KXGDPYEAR-25-B2.8,117,2025-05-14T04:35:44.504368Z,8,92,yes
636,3706acd6-1867-4565-9bb2-f56e99b6f8cc,KXGDPYEAR-25-B2.8,58,2025-05-14T03:55:43.963774Z,8,92,yes
637,9be43238-1e73-423e-932e-94b81ab004da,KXGDPYEAR-25-B2.8,147,2025-05-14T01:47:07.73902Z,7,93,yes
638,6b825984-4b8a-4afe-825a-30af19fafb9d,KXGDPYEAR-25-B2.8,523,2025-05-14T01:47:07.73902Z,7,93,yes
639,07e398e2-6f82-4655-b812-5463973d80bc,KXGDPYEAR-25-B2.8,40,2025-05-14T01:04:10.025759Z,7,93,yes
640,26faeb37-631e-4472-8f3b-70477e296e5c,KXGDPYEAR-25-B2.8,13,2025-05-14T00:57:10.732218Z,7,93,yes
641,1d6b02da-b593-489c-9b54-aebe14d6115d,KXGDPYEAR-25-B2.8,27,2025-05-14T00:57:10.732218Z,7,93,yes
642,11abcd74-7522-400f-a6dc-a7a670cabdfc,KXGDPYEAR-25-B2.8,100,2025-05-14T00:56:53.038484Z,7,93,yes
643,d345edc8-5fa5-4ab0-9f81-c537cc56fa83,KXGDPYEAR-25-B2.8,200,2025-05-14T00:46:23.423191Z,7,93,yes
644,6c5f8845-a4f3-4c66-96ca-c9323d502733,KXGDPYEAR-25-B2.8,335,2025-05-14T00:45:18.218189Z,7,93,yes
645,9b6dd30e-3d9d-444e-9805-159444e18bd6,KXGDPYEAR-25-B2.8,187,2025-05-14T00:31:34.009632Z,7,93,yes
646,364013f4-ffc1-4de3-89ed-8f57d9e9f0cf,KXGDPYEAR-25-B2.8,150,2025-05-14T00:04:37.26718Z,7,93,yes
647,625decaa-421c-4b29-af1d-6ceb97844437,KXGDPYEAR-25-B2.8,536,2025-05-13T22:10:33.225064Z,7,93,yes
648,7044c6ef-8d7e-41c6-8dc1-4fe82a2d431f,KXGDPYEAR-25-B2.8,5,2025-05-13T20:43:26.838206Z,7,93,yes
649,15ba9f34-b760-415a-beda-90a263ed2408,KXGDPYEAR-25-B2.8,268,2025-05-13T20:37:46.262937Z,7,93,yes
650,1d62bb0a-d2e2-4e8b-ae5d-9ecb4c529b55,KXGDPYEAR-25-B2.8,335,2025-05-13T20:21:57.419053Z,7,93,yes
651,8cccf6dd-2c87-4dd2-aaa2-0d9e477e8f41,KXGDPYEAR-25-B2.8,335,2025-05-13T20:01:44.042653Z,7,93,yes
652,96ebe9e9-abe2-4d16-8aee-439921408ca0,KXGDPYEAR-25-B2.8,954,2025-05-13T19:42:31.813101Z,6,94,yes
653,690272e2-b6bf-4ca2-84e1-90f68c41ebe1,KXGDPYEAR-25-B2.8,522,2025-05-13T19:42:31.813101Z,7,93,yes
654,b12b4a16-f097-4d05-824d-ef4898d14464,KXGDPYEAR-25-B2.8,312,2025-05-13T19:35:10.02207Z,6,94,yes
655,1de352b5-a26c-4242-a6a8-3b92610e4184,KXGDPYEAR-25-B2.8,93,2025-05-13T19:31:36.162128Z,6,94,yes
656,0e3bafda-f465-4189-8517-95f213b78aff,KXGDPYEAR-25-B2.8,15,2025-05-13T19:29:19.553038Z,6,94,yes
657,9bc6676c-950a-4135-b121-1f4ee5c29bf0,KXGDPYEAR-25-B2.8,300,2025-05-13T19:18:43.495463Z,6,94,yes
658,32ac01e4-3c88-491f-80d6-e0000657f0e0,KXGDPYEAR-25-B2.8,234,2025-05-13T19:12:36.283199Z,6,94,yes
659,93798d64-e714-43a1-9a76-3c43542823b3,KXGDPYEAR-25-B2.8,156,2025-05-13T18:54:37.176748Z,6,94,yes
660,c5db5500-8d86-468d-a16c-3d8ab31584b8,KXGDPYEAR-25-B2.8,312,2025-05-13T18:53:45.081867Z,6,94,yes
661,e64497f3-c06c-4d29-b2f1-1b63dbb39ed9,KXGDPYEAR-25-B2.8,312,2025-05-13T18:43:53.205973Z,6,94,yes
662,39126b26-7dd3-41f2-b2bc-8c7488c20220,KXGDPYEAR-25-B2.8,312,2025-05-02T16:28:39.583434Z,6,94,yes
663,abcc7926-8000-427b-b1a8-3d5367b421cb,KXGDPYEAR-25-B2.8,488,2025-04-22T12:32:15.470586Z,5,95,yes
664,1f6a2f31-69f9-44bb-83a5-ad8b86ec60e7,KXGDPYEAR-25-B2.8,100,2025-04-22T12:32:15.470586Z,5,95,yes
665,fd734121-d661-4a5d-a25b-db314c80d086,KXGDPYEAR-25-B2.8,336,2025-04-10T01:35:07.861927Z,6,94,yes
666,21423d98-40c4-490b-bf0f-0bf45adf55a2,KXGDPYEAR-25-B2.8,667,2025-04-10T01:35:07.861927Z,4,96,yes
667,22e815b1-ce46-457d-8e7b-12730eec626f,KXGDPYEAR-25-B2.8,10,2025-04-04T21:29:44.155754Z,5,95,yes
668,22ffc22d-c243-44ac-abc3-5712a1040ef7,KXGDPYEAR-25-B2.8,4,2025-04-02T21:31:46.250028Z,10,90,yes
669,900429c9-9bdb-4007-b187-57c2fa398d8b,KXGDPYEAR-25-B2.8,394,2025-04-02T21:31:43.410095Z,10,90,no
670,f2f2bf75-3c1d-4af7-947f-fcf9421d2a41,KXGDPYEAR-25-B2.8,1500,2025-04-02T20:43:22.612637Z,10,90,no
671,e7b07a15-98eb-49c8-a9e2-ddd6e5b481bd,KXGDPYEAR-25-B2.8,49,2025-03-22T12:25:11.283056Z,10,90,no
672,80244507-3478-4f98-a66f-697f9f14eb76,KXGDPYEAR-25-B2.8,4,2025-03-20T21:37:16.08867Z,10,90,no
673,f5063972-fdc0-41e8-b4f8-d8430427624d,KXGDPYEAR-25-B2.8,52,2025-03-18T16:18:53.164931Z,10,90,no
674,02b42dca-1848-424c-ae22-ab2ab9e1f1a3,KXGDPYEAR-25-B2.8,7,2025-03-15T00:12:09.415895Z,13,87,yes
675,f8b0acb5-d9f6-42bd-8beb-f74407c3f335,KXGDPYEAR-25-B2.8,1,2025-03-14T16:33:17.735689Z,10,90,no
676,c6b8592b-19cf-4584-8874-41ab82cbeeb0,KXGDPYEAR-25-B2.8,1000,2025-03-13T16:56:00.784019Z,10,90,no
677,ee8a5069-24f8-4b4c-83d2-a604327195cd,KXGDPYEAR-25-B2.8,774,2025-03-11T02:49:56.431862Z,12,88,yes
678,8c62f274-08d3-4996-a382-2efd7a247023,KXGDPYEAR-25-B2.8,219,2025-03-11T02:49:56.431862Z,11,89,yes
679,5982be38-97d7-49ed-b991-8a66af05edc3,KXGDPYEAR-25-B2.8,3,2025-03-11T02:49:56.431862Z,12,88,yes
680,15f627a4-c240-424e-a52e-c9d76490f45f,KXGDPYEAR-25-B2.8,4,2025-03-11T02:49:56.431862Z,11,89,yes
681,2d19ac2c-9068-4f31-9eaf-60064688b5f5,KXGDPYEAR-25-B2.8,192,2025-03-07T15:12:22.302887Z,11,89,no
682,10603e8e-0267-43bb-ae63-436aa050e4f1,KXGDPYEAR-25-B2.8,5,2025-03-06T17:27:06.591607Z,11,89,no
683,2aa9b16a-7097-4ecb-aa4f-d9014b867959,KXGDPYEAR-25-B2.8,3,2025-03-06T17:26:40.165797Z,11,89,no
684,e47d68b6-905d-4bf9-ae4b-b485f19a38c5,KXGDPYEAR-25-B2.8,4,2025-03-01T14:50:30.602046Z,12,88,no
685,acec5513-c48c-4b20-bfef-2008951ea984,KXGDPYEAR-25-B2.8,974,2025-02-28T16:34:24.689237Z,14,86,no
686,2357b946-975d-492c-a61b-7765e3d9c203,KXGDPYEAR-25-B2.8,26,2025-02-28T16:07:40.599072Z,14,86,no
687,af88c065-0fcd-46ca-b3ec-cb6aa8bff99e,KXGDPYEAR-25-B2.8,3,2025-02-28T16:07:22.472097Z,16,84,no
688,81ed179d-c791-4c70-8af2-abe65724215f,KXGDPYEAR-25-B2.8,62,2025-02-28T16:07:22.472097Z,16,84,no
689,ef7d02ea-7e91-43e8-88e0-3dfe780cedf7,KXGDPYEAR-25-B2.8,1250,2025-02-28T16:07:22.138528Z,16,84,no
690,54c57a18-a2f1-491b-afca-270c6c571590,KXGDPYEAR-25-B2.8,100,2025-02-28T15:57:04.621333Z,17,83,no
691,85ad09b7-28fa-4c66-a825-ea04c55753da,KXGDPYEAR-25-B2.8,1,2025-02-28T04:49:03.008143Z,19,81,yes
692,7c205da6-6d84-476f-872e-5675b8649ef6,KXGDPYEAR-25-B2.8,1,2025-02-28T04:47:54.238225Z,19,81,yes
693,2847e8dc-21e7-4138-a81e-4ed310d30ac0,KXGDPYEAR-25-B2.8,4,2025-02-27T19:25:13.363206Z,19,81,yes
694,cad6db36-74af-4812-8944-98f992a705ab,KXGDPYEAR-25-B2.8,48,2025-02-22T17:42:41.933244Z,19,81,yes
695,2d12279e-fd48-4ae9-bc86-a066686db927,KXGDPYEAR-25-B2.8,1,2025-02-22T17:42:41.933244Z,19,81,yes
696,1459fa2b-e1d3-401a-acf9-0d0dfcc073f0,KXGDPYEAR-25-B2.8,1,2025-02-22T02:24:40.837513Z,19,81,yes
697,bfe95a47-5ccb-49d0-afc8-38a20b64037e,KXGDPYEAR-25-B2.8,1,2025-02-20T23:20:54.140307Z,19,81,yes
698,3a0e5228-caf3-4f60-b122-6dbd6bbd1847,KXGDPYEAR-25-B2.8,588,2025-02-10T15:52:33.55207Z,16,84,no
699,c7042b76-5b0b-4983-b664-088e3fd18df2,KXGDPYEAR-25-B2.8,24,2025-02-06T00:38:53.394895Z,19,81,yes
700,c1860cbe-ac46-433f-9477-ba24b059cc26,KXGDPYEAR-25-B2.8,50,2025-02-03T04:36:11.492097Z,16,84,no
701,d376850c-099f-49c6-9cd4-df27bc0577ff,KXGDPYEAR-25-B2.8,1,2025-02-03T01:50:17.787922Z,18,82,yes
702,eff5eb76-b0b7-4aa6-8a8d-081b44cbe3b4,KXGDPYEAR-25-B2.8,50,2025-02-02T21:24:53.387165Z,17,83,yes
703,1a639406-326a-41d1-98ae-39e810946b51,KXGDPYEAR-25-B2.8,50,2025-02-02T06:20:01.135234Z,16,84,no
704,f2c38027-2e5a-47af-b5ed-01542b5db8fd,KXGDPYEAR-25-B2.8,100,2025-02-02T04:00:31.91457Z,17,83,yes
705,025abef6-8eff-4c7b-95fc-0bdba59e14ed,KXGDPYEAR-25-B2.8,50,2025-02-02T04:00:31.91457Z,17,83,yes
706,36415c3f-f172-434c-b379-df1bb4a34b8e,KXGDPYEAR-25-B2.8,1,2025-01-31T03:38:28.674661Z,18,82,yes
707,e1ea3542-047a-4cb3-9f5e-aa9f4127267c,KXGDPYEAR-25-B2.8,606,2025-01-31T01:29:35.900886Z,18,82,yes
708,8c810367-45ed-4a97-97fc-0f061e0569da,KXGDPYEAR-25-B2.8,2,2025-01-31T01:29:35.900886Z,18,82,yes
709,3d0f6b7a-7b17-4d09-9250-d4aa53164eb9,KXGDPYEAR-25-B2.8,2284,2025-01-31T01:29:35.900886Z,18,82,yes
710,7b07dbb6-5c53-470f-9ea2-2fcc5d07eede,KXGDPYEAR-25-B2.8,105,2025-01-28T18:41:14.453011Z,18,82,yes
711,f4729ba8-f671-43c5-ae92-2e2f74b92f70,KXGDPYEAR-25-B2.8,1,2025-01-22T17:56:41.765962Z,18,82,yes
712,bd48f983-26ab-44fe-b7b9-82f44600db7c,KXGDPYEAR-25-B2.8,266,2025-01-22T17:56:41.765962Z,18,82,yes
713,1f178b8a-e8aa-418d-97e1-9c80ede3611c,KXGDPYEAR-25-B2.8,258,2025-01-22T17:56:41.765962Z,18,82,yes
714,ffb3ae82-dbde-4f25-967a-b88f88ac4478,KXGDPYEAR-25-B2.8,52,2025-01-22T03:51:49.902255Z,18,82,yes
715,8b57acea-d434-4af8-bf44-bce6fd0f0efa,KXGDPYEAR-25-B2.8,11,2025-01-21T04:12:07.788817Z,14,86,no
716,47c6123a-fc69-4529-855f-680ff3eb8ed8,KXGDPYEAR-25-B2.8,10,2025-01-21T04:12:07.788817Z,14,86,no
717,c07710db-5b2e-44fb-b568-6a9891fd14a8,KXGDPYEAR-25-B2.8,272,2025-01-19T22:48:04.350812Z,17,83,yes
718,ef653b53-058a-4a17-86df-cbc9a9e8720f,KXGDPYEAR-25-B2.8,10,2025-01-17T19:03:04.407038Z,17,83,yes
719,3308e8c3-15eb-430b-a9cc-2981e31a1221,KXGDPYEAR-25-B2.8,11,2025-01-17T19:03:04.407038Z,17,83,yes
720,dac631f4-4536-4ce9-bd9b-8fe70a31d6e3,KXGDPYEAR-25-B2.8,50,2025-01-05T20:31:01.005526Z,16,84,yes
721,c3353fcb-fc66-4e3d-8bd4-ca0ded87e69a,KXGDPYEAR-25-B2.8,34,2025-01-05T20:31:01.005526Z,18,82,yes
722,ff640786-17cd-4e47-aa8b-4acd13bc3381,KXGDPYEAR-25-B2.8,180,2025-01-01T20:05:56.604844Z,17,83,no
723,bdaec2e5-d5e3-421a-a6d7-a0e5f7f5c419,KXGDPYEAR-25-B2.8,1100,2025-01-01T19:47:17.479306Z,16,84,yes
724,a72b9dbe-cc18-4c25-a3a7-a527afe50fe2,KXGDPYEAR-25-B2.8,100,2025-01-01T19:47:17.479306Z,15,85,yes
725,855d7e7b-d21d-4cc9-9352-6d1109f9b88e,KXGDPYEAR-25-B2.8,400,2025-01-01T19:47:17.479306Z,16,84,yes
726,429025d1-5332-4e84-b772-b41261e5e87f,KXGDPYEAR-25-B2.8,303,2025-01-01T19:47:17.479306Z,15,85,yes
727,40578248-783a-45df-a9aa-c84dd5036e62,KXGDPYEAR-25-B2.8,1097,2025-01-01T19:47:17.479306Z,15,85,yes
728,a04bcd57-99fd-491d-ad53-aa55457465b9,KXGDPYEAR-25-B2.8,3,2025-01-01T14:50:10.925701Z,15,85,no
729,ea1bc0ee-6219-430e-8d12-3cadec87ac1e,KXGDPYEAR-25-B2.8,3,2024-12-21T19:59:35.382584Z,15,85,no
730,92d51ca5-977b-4c16-8527-4976f66178f4,KXGDPYEAR-25-B2.3,14,2025-09-06T15:04:38.693752Z,11,89,no
731,4aefed56-fbc0-455e-a9bd-09142f27c7d0,KXGDPYEAR-25-B2.3,25,2025-09-06T15:04:38.693752Z,12,88,no
732,fc14e607-86e1-4bcf-80b9-3fe035e0d6fb,KXGDPYEAR-25-B2.3,8,2025-09-02T21:37:43.337631Z,18,82,no
733,fa5098dc-e66b-434f-9aa8-400cf77e87b7,KXGDPYEAR-25-B2.3,2,2025-09-02T21:37:43.337631Z,17,83,no
734,96c5485b-12a4-452b-9aa4-f54ad12e5fa0,KXGDPYEAR-25-B2.3,1,2025-08-30T06:10:22.04841Z,19,81,yes
735,9558864f-63d9-4d17-b4a8-2d720febc57c,KXGDPYEAR-25-B2.3,10,2025-08-30T06:10:22.04841Z,19,81,yes
736,5479b876-f92e-4a74-bdf3-f7b868ac3c98,KXGDPYEAR-25-B2.3,38,2025-08-30T06:10:22.04841Z,19,81,yes
737,80063bd2-6d72-4501-935f-0569281bcb59,KXGDPYEAR-25-B2.3,100,2025-08-27T05:50:57.330438Z,16,84,yes
738,2c6276f9-b57e-4799-9687-8872c1272aa9,KXGDPYEAR-25-B2.3,156,2025-08-27T05:50:57.330438Z,14,86,yes
739,23b12ed4-0da4-458d-a97c-e57663d7f182,KXGDPYEAR-25-B2.3,64,2025-08-27T05:50:57.330438Z,16,84,yes
740,cebf7c8b-da1e-4695-b4df-9029f1cd4ba6,KXGDPYEAR-25-B2.3,344,2025-08-24T05:22:56.459326Z,11,89,no
741,7b3363e9-d1fd-4a0d-8fc1-acc99ce91582,KXGDPYEAR-25-B2.3,440,2025-08-23T04:51:02.645597Z,12,88,no
742,0f202cc6-d40f-4401-856e-468e54bfb517,KXGDPYEAR-25-B2.3,53,2025-08-23T04:51:02.645597Z,12,88,no
743,2ddcf54b-bda2-4065-9fbf-95aaf5886281,KXGDPYEAR-25-B2.3,10,2025-08-16T16:34:11.111208Z,8,92,no
744,27e9b37f-6244-4bf5-b3ec-ccd7168ac53b,KXGDPYEAR-25-B2.3,165,2025-08-13T01:38:06.846585Z,15,85,yes
745,b32afd68-97e1-4ab7-be9b-ce16df1c2b61,KXGDPYEAR-25-B2.3,2,2025-08-01T14:26:28.961405Z,12,88,no
746,96c62339-b684-4010-8cef-ff4f84d32563,KXGDPYEAR-25-B2.3,10,2025-08-01T14:26:28.961405Z,12,88,no
747,9acc6324-c12d-4a03-b482-b761371f95f4,KXGDPYEAR-25-B2.3,10,2025-07-31T00:21:33.799217Z,11,89,no
748,1dbcf333-7284-49b5-8d9a-0e755981aa8d,KXGDPYEAR-25-B2.3,887,2025-07-28T19:49:34.419558Z,15,85,no
749,068f637d-ba77-4c31-93b8-c2f84a2e5a40,KXGDPYEAR-25-B2.3,26,2025-07-28T16:01:33.870345Z,16,84,yes
750,8891f8a8-0eec-4103-a0da-9dc8096e5745,KXGDPYEAR-25-B2.3,14,2025-07-21T15:36:11.784233Z,12,88,no
751,68e24264-58d3-4aeb-b759-1a06e9576280,KXGDPYEAR-25-B2.3,10,2025-07-21T04:56:11.910416Z,16,84,yes
752,1681c2ce-76f5-40a7-abd5-41c9fe8f2e46,KXGDPYEAR-25-B2.3,11,2025-07-20T01:24:35.751577Z,16,84,yes
753,21bb7203-8b67-423a-9582-faab122a65a4,KXGDPYEAR-25-B2.3,5,2025-07-17T18:58:23.792521Z,16,84,yes
754,c57acdb5-e760-49d4-ae42-47d2e141eb1c,KXGDPYEAR-25-B2.3,33,2025-07-16T19:40:01.271575Z,14,86,no
755,a16611f1-a45b-4bd9-9ed6-4f4d5c01a307,KXGDPYEAR-25-B2.3,5,2025-07-16T19:40:01.271575Z,14,86,no
756,b18f2ae5-d3c2-4408-aa27-7e795109acab,KXGDPYEAR-25-B2.3,5,2025-07-16T19:38:37.964581Z,14,86,no
757,3d7704fa-93cd-44bb-9804-7f0b6005db17,KXGDPYEAR-25-B2.3,3775,2025-07-16T19:38:37.964581Z,14,86,no
758,ca86c89b-9a09-46ad-8575-7aed306c923b,KXGDPYEAR-25-B2.3,2466,2025-07-16T19:37:29.269505Z,15,85,no
759,7e5b80f7-abc2-4e3a-a161-22d5d0aa8bfa,KXGDPYEAR-25-B2.3,5,2025-07-16T19:33:37.801467Z,14,86,yes
760,70abd0ea-a260-4c71-b5a8-ddb15159f9b7,KXGDPYEAR-25-B2.3,25,2025-07-16T19:33:37.801467Z,14,86,yes
761,89e3597a-b426-49fa-809d-40e5b28f9561,KXGDPYEAR-25-B2.3,2453,2025-07-16T19:33:37.710026Z,13,87,yes
762,90e49ff2-1715-4033-8bd6-842548bea7ea,KXGDPYEAR-25-B2.3,2547,2025-07-16T19:33:28.560451Z,13,87,yes
763,12db16dd-3562-4e2a-b317-d7ecdc405a0f,KXGDPYEAR-25-B2.3,3,2025-07-16T19:33:28.560451Z,12,88,yes
764,abd9febe-bf96-44eb-8bc1-beb833cd6e8c,KXGDPYEAR-25-B2.3,35,2025-07-16T00:29:35.331045Z,10,90,no
765,881db532-f0fb-4a91-86f6-3cd98bf4a0af,KXGDPYEAR-25-B2.3,7,2025-07-14T20:15:15.074723Z,12,88,yes
766,a36740dc-c3b3-42c4-936b-ac364efc6935,KXGDPYEAR-25-B2.3,156,2025-07-10T00:50:52.943289Z,12,88,yes
767,60b04eaa-c5f3-418f-af65-a6985bd12f30,KXGDPYEAR-25-B2.3,1911,2025-06-27T13:09:09.628722Z,10,90,no
768,324c572f-b14d-45eb-9f41-c7d30148151c,KXGDPYEAR-25-B2.3,5,2025-06-27T00:19:21.1848Z,13,87,yes
769,df9b877c-8bea-4a74-b4d0-e214745eca72,KXGDPYEAR-25-B2.3,5,2025-06-26T12:59:32.355572Z,11,89,no
770,ba8488e0-59f0-49f0-a9d2-90afd7c85656,KXGDPYEAR-25-B2.3,3,2025-06-26T12:59:32.355572Z,11,89,no
771,b2e94d06-d7ea-48e6-a867-af778ac019f3,KXGDPYEAR-25-B2.3,800,2025-06-26T12:59:32.355572Z,9,91,no
772,9e09ab68-8a1d-46ae-a2ac-f0fb76c1c685,KXGDPYEAR-25-B2.3,27,2025-06-26T12:59:32.355572Z,13,87,no
773,646808f5-200b-4e11-82c9-3a6d8a1568dc,KXGDPYEAR-25-B2.3,11,2025-06-26T12:59:32.355572Z,10,90,no
774,644d2655-9059-483c-b740-dc009a695b04,KXGDPYEAR-25-B2.3,2,2025-06-26T12:59:32.355572Z,11,89,no
775,52d8e2de-e777-4892-892e-8b7e5b217c5f,KXGDPYEAR-25-B2.3,25,2025-06-26T12:59:32.355572Z,9,91,no
776,a5be6bbc-c4c7-4be4-9e53-cd2c3df6a929,KXGDPYEAR-25-B2.3,404,2025-06-25T23:15:21.16174Z,14,86,yes
777,a63f72f2-a5ea-4b18-97bd-507975165371,KXGDPYEAR-25-B2.3,10,2025-06-24T17:17:50.079866Z,13,87,no
778,885bc962-68e5-4776-8eae-28b0019e3ea4,KXGDPYEAR-25-B2.3,260,2025-06-11T21:19:22.922696Z,13,87,no
779,dd66889d-2d04-4c4f-bba1-d0a33fe18d06,KXGDPYEAR-25-B2.3,5,2025-05-31T19:56:54.138616Z,15,85,yes
780,bb7928e7-5c57-4ebc-8c41-bb340e9e5b1a,KXGDPYEAR-25-B2.3,150,2025-05-31T12:42:35.814957Z,13,87,no
781,a876b050-99bf-41d4-918f-902830a446dc,KXGDPYEAR-25-B2.3,125,2025-05-30T18:51:47.337617Z,15,85,yes
782,1ff36b39-5853-4269-8dca-326e71b95458,KXGDPYEAR-25-B2.3,5,2025-05-30T15:28:34.161027Z,15,85,yes
783,c1275d74-ba48-4c76-89c4-e9e4a4a5ce12,KXGDPYEAR-25-B2.3,373,2025-05-28T16:48:59.474106Z,13,87,no
784,3ed421bd-152b-4833-961d-35e98206cd37,KXGDPYEAR-25-B2.3,12,2025-05-27T21:04:04.432798Z,15,85,yes
785,e44c2f3f-9b20-4847-9cf4-a109420191db,KXGDPYEAR-25-B2.3,200,2025-05-27T15:34:13.978413Z,15,85,yes
786,ba6b5b38-3f5a-4fca-a0a9-d0f221d59dfd,KXGDPYEAR-25-B2.3,1,2025-05-26T05:44:43.391436Z,13,87,no
787,97641319-f092-4658-8e70-4db360e70afe,KXGDPYEAR-25-B2.3,5,2025-05-25T13:27:57.34564Z,13,87,no
788,3c242e4c-a8bd-48af-a9a7-78b06d4bb562,KXGDPYEAR-25-B2.3,18,2025-05-24T23:38:58.959326Z,15,85,yes
789,a1ccf2ec-7718-4fec-a9f4-663f24e21eea,KXGDPYEAR-25-B2.3,100,2025-05-24T15:10:55.864807Z,14,86,yes
790,2a406dad-ed2f-431f-9bc6-d6d98af74196,KXGDPYEAR-25-B2.3,2,2025-05-20T19:12:03.233924Z,12,88,no
791,9332454a-688d-4af6-8bd8-5186a51d9602,KXGDPYEAR-25-B2.3,50,2025-05-20T15:21:10.636129Z,15,85,yes
792,29afbac0-7d09-4f8e-be05-e2efbda52213,KXGDPYEAR-25-B2.3,500,2025-05-20T15:19:06.65622Z,15,85,yes
793,403f8331-edf1-4ead-a181-4cbbef2a67b8,KXGDPYEAR-25-B2.3,10,2025-05-19T00:02:16.78037Z,15,85,yes
794,3e357cc5-da00-49a7-96dd-4c1138d0bdcb,KXGDPYEAR-25-B2.3,31,2025-05-18T15:46:05.253393Z,15,85,yes
795,69632e1d-4025-4604-b24c-68f713e957eb,KXGDPYEAR-25-B2.3,31,2025-05-16T13:56:35.929565Z,15,85,yes
796,cab084d9-deed-402f-a5e2-5b05036a9ab5,KXGDPYEAR-25-B2.3,27,2025-05-16T02:05:47.225745Z,16,84,yes
797,c7577a73-2743-4016-b182-1aaed60fd1e3,KXGDPYEAR-25-B2.3,252,2025-05-16T02:05:47.225745Z,14,86,yes
798,b0f3208b-8e37-4730-bb02-69037fe2381d,KXGDPYEAR-25-B2.3,20,2025-05-16T02:05:47.225745Z,15,85,yes
799,47a6706c-d7d7-4b82-8041-a8284f983b10,KXGDPYEAR-25-B2.3,34,2025-05-16T02:05:47.225745Z,14,86,yes
800,28f2ced8-03bd-4896-9c5e-a74bc1609f80,KXGDPYEAR-25-B2.3,4,2025-05-16T02:05:47.225745Z,15,85,yes
801,a20af78b-82b0-4f2e-9613-a4d69578f08c,KXGDPYEAR-25-B2.3,121,2025-05-15T14:03:10.942924Z,14,86,yes
802,39b2c3c6-35ae-434b-ac1f-b12c0af12e35,KXGDPYEAR-25-B2.3,134,2025-05-15T03:18:29.463541Z,14,86,yes
803,e8ac5aa2-d117-4e45-9191-32de720c1ab2,KXGDPYEAR-25-B2.3,13,2025-05-14T22:01:40.882371Z,14,86,yes
804,14b091b8-9bac-426e-aabc-9f36512f1703,KXGDPYEAR-25-B2.3,50,2025-05-14T20:59:08.293616Z,14,86,yes
805,9697ceb2-772e-4f92-ba98-5e3b08e23c3c,KXGDPYEAR-25-B2.3,47,2025-05-14T20:56:13.492603Z,14,86,yes
806,e730a19a-53b8-4dd8-8efd-6984eda310b1,KXGDPYEAR-25-B2.3,25,2025-05-14T19:11:44.903299Z,12,88,no
807,72b5d183-1ae6-4570-bcb6-f1570fdf456c,KXGDPYEAR-25-B2.3,325,2025-05-14T19:10:48.750002Z,15,85,yes
808,666de7bd-0f28-4d2e-9fcd-477b9c5cd964,KXGDPYEAR-25-B2.3,155,2025-05-14T19:10:48.750002Z,13,87,yes
809,12a6ff1c-3529-47e4-a6d5-1436d4c838cd,KXGDPYEAR-25-B2.3,1,2025-05-14T19:10:48.750002Z,15,85,yes
810,05bf7231-81a8-4a56-b381-66c8ef5ac541,KXGDPYEAR-25-B2.3,19,2025-05-14T19:10:48.750002Z,13,87,yes
811,5185b02e-5e57-4d67-a1bd-02eece2bab2a,KXGDPYEAR-25-B2.3,26,2025-05-14T19:10:06.25782Z,13,87,no
812,06d0a55a-34a3-4c74-a09a-9b6b12749180,KXGDPYEAR-25-B2.3,26,2025-05-14T19:10:00.997897Z,13,87,no
813,965ce909-7f85-48f6-a809-334045808e9f,KXGDPYEAR-25-B2.3,200,2025-05-14T19:09:56.182867Z,13,87,yes
814,531d6ea9-42be-4eba-a338-42b7da9e5913,KXGDPYEAR-25-B2.3,25,2025-05-14T12:40:08.931854Z,13,87,yes
815,fed5d906-9ae8-47ce-8f26-56ae0eaf5680,KXGDPYEAR-25-B2.3,4,2025-05-14T05:47:54.228177Z,13,87,yes
816,efc47c33-bb76-4336-b4bd-8457d9bd0624,KXGDPYEAR-25-B2.3,392,2025-05-14T05:47:54.228177Z,14,86,yes
817,ae994f8c-a0b5-4a3e-bb00-1606c6835442,KXGDPYEAR-25-B2.3,583,2025-05-14T05:47:54.228177Z,12,88,yes
818,6f0a6b38-b7f7-48c8-a4b6-f66e64fdecc6,KXGDPYEAR-25-B2.3,71,2025-05-14T05:47:54.228177Z,13,87,yes
819,13acb4fd-4ec4-4b8d-9d29-50aa36f49ec4,KXGDPYEAR-25-B2.3,235,2025-05-14T05:36:46.959123Z,12,88,yes
820,31d90f7d-46ab-4e82-aafe-a296586a7760,KXGDPYEAR-25-B2.3,78,2025-05-14T04:35:03.758864Z,12,88,yes
821,47ae7e24-3300-4c01-95ed-1f1656a8242a,KXGDPYEAR-25-B2.3,39,2025-05-14T03:55:37.10171Z,12,88,yes
822,c53910a0-f293-4676-b1b7-9fe54c1c26ba,KXGDPYEAR-25-B2.3,347,2025-05-14T01:46:55.540342Z,11,89,yes
823,aaaf3447-f9a9-40a0-b47e-0aa1d78e1e36,KXGDPYEAR-25-B2.3,4,2025-05-14T01:46:55.540342Z,12,88,yes
824,5ba88ed6-a9af-4db1-a7b8-16ca324b04ee,KXGDPYEAR-25-B2.3,60,2025-05-14T01:46:55.540342Z,13,87,yes
825,19df8a83-21a0-4166-a4d3-f4518bc83792,KXGDPYEAR-25-B2.3,5,2025-05-14T01:46:55.540342Z,11,89,yes
826,455e255d-a848-4a1d-9a48-73ba2abd425d,KXGDPYEAR-25-B2.3,150,2025-05-14T01:46:11.938235Z,11,89,no
827,aec4bca3-7756-4647-9f27-46a757ef0921,KXGDPYEAR-25-B2.3,21,2025-05-14T01:03:45.724675Z,13,87,yes
828,849d0ddf-4078-42b5-bb8e-2595a359cdda,KXGDPYEAR-25-B2.3,100,2025-05-14T00:57:23.914159Z,13,87,yes
829,9f950ad0-c977-42d7-83e2-4b2ea5a16ccb,KXGDPYEAR-25-B2.3,21,2025-05-14T00:57:02.198841Z,13,87,yes
830,f15a9422-4999-434e-ad96-65859d6e011e,KXGDPYEAR-25-B2.3,181,2025-05-14T00:45:00.439097Z,13,87,yes
831,fa58d735-0b0a-49c7-9d5b-38801de6da7b,KXGDPYEAR-25-B2.3,101,2025-05-14T00:31:30.485321Z,13,87,yes
832,57cd62d5-5269-48e5-8ce6-e5a8463c1c14,KXGDPYEAR-25-B2.3,70,2025-05-14T00:04:06.241973Z,13,87,yes
833,fb7e4053-54bc-48e2-b794-b46f1e0f8157,KXGDPYEAR-25-B2.3,313,2025-05-13T22:10:21.261898Z,12,88,yes
834,6bde474d-95b5-45db-9abb-90191419cba5,KXGDPYEAR-25-B2.3,5,2025-05-13T20:43:16.16309Z,12,88,yes
835,540fd806-3d4f-44d5-ae11-2629e2d9a406,KXGDPYEAR-25-B2.3,196,2025-05-13T20:37:55.379148Z,12,88,yes
836,a86d5d86-5a22-44cd-96d1-17c57975e559,KXGDPYEAR-25-B2.3,200,2025-05-13T20:21:48.83287Z,11,89,yes
837,01c89ba4-36f3-482d-acd3-d04495597ed6,KXGDPYEAR-25-B2.3,12,2025-05-13T20:21:48.83287Z,12,88,yes
838,306a9548-5d5d-4e12-ac4b-015c9ea1add9,KXGDPYEAR-25-B2.3,196,2025-05-13T20:01:24.711984Z,12,88,yes
839,f9dc721d-8a17-4bec-a589-c48188474444,KXGDPYEAR-25-B2.3,529,2025-05-13T19:42:13.893044Z,9,91,yes
840,f4efe595-8607-41cc-a70b-b235e866e10b,KXGDPYEAR-25-B2.3,1,2025-05-13T19:42:13.893044Z,11,89,yes
841,d902b338-8257-4fe7-b259-de44e27160f7,KXGDPYEAR-25-B2.3,1,2025-05-13T19:42:13.893044Z,11,89,yes
842,72df8db9-a47a-4c63-9ae8-9df3a647134d,KXGDPYEAR-25-B2.3,264,2025-05-13T19:42:13.893044Z,13,87,yes
843,340712b8-dcc2-4b8b-bc17-616806007cc7,KXGDPYEAR-25-B2.3,2,2025-05-13T19:42:13.893044Z,11,89,yes
844,11383e0e-8161-4d1e-bfda-322a8081668f,KXGDPYEAR-25-B2.3,90,2025-05-13T19:42:13.893044Z,13,87,yes
845,7f02c8f5-74b4-42f0-a25a-9b62c1cbc688,KXGDPYEAR-25-B2.3,208,2025-05-13T19:34:52.747336Z,9,91,yes
846,31b08ecd-c92c-4727-b3e1-4076b212f8df,KXGDPYEAR-25-B2.3,50,2025-05-13T19:31:39.260224Z,9,91,yes
847,44737b9f-d84e-4720-9976-56e53b2a8373,KXGDPYEAR-25-B2.3,62,2025-05-13T19:31:18.139278Z,9,91,yes
848,a3db408f-4c22-48fb-9772-53ec850f651e,KXGDPYEAR-25-B2.3,10,2025-05-13T19:29:08.014641Z,9,91,yes
849,a392c88f-dcc6-4c0c-b173-b00bb79be341,KXGDPYEAR-25-B2.3,200,2025-05-13T19:18:07.330704Z,9,91,yes
850,0e667d2c-646c-4174-9660-d44fbd4fe190,KXGDPYEAR-25-B2.3,156,2025-05-13T19:12:17.035039Z,9,91,yes
851,5ac5d6e3-25a3-49c6-a73d-8b028628d1e5,KXGDPYEAR-25-B2.3,1,2025-05-13T19:07:26.568803Z,9,91,yes
852,dcc7ba8f-63d3-467c-b711-d7df0d628a8d,KXGDPYEAR-25-B2.3,104,2025-05-13T18:54:29.57976Z,9,91,yes
853,57fb57c9-ea92-4b42-aeb3-2a2381d1dfc4,KXGDPYEAR-25-B2.3,208,2025-05-13T18:53:29.004788Z,9,91,yes
854,deb668a8-e03e-4483-9951-b488289ca284,KXGDPYEAR-25-B2.3,208,2025-05-13T18:43:43.910221Z,9,91,yes
855,e461cbfd-fce8-4c44-9394-fd2aa23e5c82,KXGDPYEAR-25-B2.3,80,2025-05-02T16:28:28.331926Z,9,91,yes
856,c7e69a87-0797-463a-ae00-8543fedf11ef,KXGDPYEAR-25-B2.3,264,2025-05-02T16:28:28.331926Z,9,91,yes
857,5e8378ee-2c2d-4854-913c-ea5fe72bf958,KXGDPYEAR-25-B2.3,11,2025-04-20T21:12:30.15605Z,8,92,yes
858,5fa04841-34d6-40e7-8d83-beb0168a58e0,KXGDPYEAR-25-B2.3,9,2025-04-12T20:24:11.600498Z,8,92,yes
859,94d006a6-e8e8-4632-af05-b4d14a85e132,KXGDPYEAR-25-B2.3,56,2025-04-06T18:22:23.430709Z,8,92,no
860,d0f5eefa-9018-4b32-a910-57af468841ed,KXGDPYEAR-25-B2.3,328,2025-04-04T15:04:06.445524Z,7,93,no
861,83068a01-7ebe-4647-8c43-47bd33362e55,KXGDPYEAR-25-B2.3,2,2025-04-03T16:54:45.825704Z,12,88,yes
862,1aa93f50-0f45-4c84-8e30-108e97a13d72,KXGDPYEAR-25-B2.3,1118,2025-04-03T02:10:44.378879Z,12,88,no
863,2a7acc5c-1ffd-4a31-9a9d-3b5873d01e3f,KXGDPYEAR-25-B2.3,1256,2025-04-02T21:31:44.548943Z,12,88,no
864,01cf808b-1a8d-464e-8d4f-e052718d8448,KXGDPYEAR-25-B2.3,10,2025-04-01T23:51:43.257262Z,13,87,yes
865,0cc7170d-b8f7-4b10-adbe-32f5c10d902f,KXGDPYEAR-25-B2.3,1,2025-03-31T23:53:52.772603Z,12,88,no
866,1d41e312-810e-42cc-9272-0270cc194743,KXGDPYEAR-25-B2.3,2,2025-03-30T04:25:27.975673Z,12,88,no
867,349b1768-ed05-4879-94c4-717a4268429e,KXGDPYEAR-25-B2.3,20,2025-03-22T15:41:58.082416Z,12,88,no
868,e8a60373-8f7c-4602-9e69-f0fe8e014140,KXGDPYEAR-25-B2.3,49,2025-03-22T12:25:16.813035Z,12,88,no
869,8df47e01-0010-4e95-a298-cc1f45069c21,KXGDPYEAR-25-B2.3,55,2025-03-20T06:19:07.096692Z,12,88,no
870,dee9dac9-65cf-47f7-b86c-52c1f676b6c5,KXGDPYEAR-25-B2.3,5,2025-03-17T13:30:30.806268Z,14,86,no
871,1513f3db-b484-4e91-99b5-ba10da6cffb3,KXGDPYEAR-25-B2.3,2,2025-03-17T13:30:30.806268Z,14,86,no
872,5124dcaf-cfdb-41cd-a4f8-bea329f2d3d1,KXGDPYEAR-25-B2.3,3,2025-03-15T00:10:09.580187Z,15,85,yes
873,1a342143-b0f3-4d8b-bb94-1de2c25c1581,KXGDPYEAR-25-B2.3,3,2025-03-15T00:10:09.580187Z,13,87,yes
874,d79ebc12-b565-473f-aaaa-ed33cca2065e,KXGDPYEAR-25-B2.3,1,2025-03-14T16:33:27.055873Z,12,88,no
875,919b0ba5-4f04-4d37-a4a6-71985c846bc1,KXGDPYEAR-25-B2.3,126,2025-03-13T17:38:35.655424Z,13,87,yes
876,5095e7fc-2049-4a46-b9c3-f98d992e513b,KXGDPYEAR-25-B2.3,46,2025-03-13T17:38:35.655424Z,13,87,yes
877,2f2059e9-ef25-468d-820e-a3655483c3d5,KXGDPYEAR-25-B2.3,14,2025-03-13T17:38:35.655424Z,13,87,yes
878,565ef23e-203f-4855-ba82-4185240ca4d2,KXGDPYEAR-25-B2.3,1500,2025-03-13T16:56:09.802379Z,12,88,no
879,9062c64f-280b-4ebf-a6e9-16f5ed595cdb,KXGDPYEAR-25-B2.3,3,2025-03-13T13:48:38.452558Z,13,87,yes
880,a6543160-884b-4201-96ff-db34dc9b6f6f,KXGDPYEAR-25-B2.3,998,2025-03-13T13:40:44.432371Z,12,88,no
881,70e89c1b-b9eb-48be-8562-dfacdccdb0dd,KXGDPYEAR-25-B2.3,2,2025-03-13T13:40:44.432371Z,12,88,no
882,3d995539-570e-49da-bcd9-c7ae700fdb86,KXGDPYEAR-25-B2.3,150,2025-03-05T20:31:14.140798Z,13,87,no
883,f8177a2d-7aa1-400e-8938-8c59a6521aec,KXGDPYEAR-25-B2.3,1000,2025-03-04T00:46:50.47913Z,14,86,no
884,c6b1d7a8-fe7f-4c5b-a003-5560d8b585fb,KXGDPYEAR-25-B2.3,6,2025-02-28T16:35:58.831122Z,15,85,no
885,8f8f9181-c309-4ad1-9128-87a96534768c,KXGDPYEAR-25-B2.3,1920,2025-02-28T16:35:58.831122Z,15,85,no
886,c8116678-fe18-40fc-9842-4676963ab465,KXGDPYEAR-25-B2.3,796,2025-02-28T16:07:34.521988Z,16,84,no
887,a5fff6ef-1f74-4d5d-a886-019c2f5127ce,KXGDPYEAR-25-B2.3,1204,2025-02-28T16:07:25.606064Z,16,84,no
888,50aefe4d-c706-4a14-8bb5-c3e2ddf9dcce,KXGDPYEAR-25-B2.3,40,2025-02-28T16:07:25.606064Z,18,82,no
889,1a4f7ca7-d127-4b6c-a6d0-4bd986803e6d,KXGDPYEAR-25-B2.3,6,2025-02-28T16:07:25.606064Z,17,83,no
890,fbdbf134-e849-4224-b475-0d1e46f0d0d3,KXGDPYEAR-25-B2.3,803,2025-02-28T05:44:13.710985Z,19,81,yes
891,1aa77dcb-e3c1-4739-af4d-46ad2f74a31a,KXGDPYEAR-25-B2.3,197,2025-02-28T05:44:13.710985Z,19,81,yes
892,6cbe7aeb-204f-4442-9bdf-105ca7fff3c0,KXGDPYEAR-25-B2.3,1,2025-02-28T04:48:39.690906Z,19,81,yes
893,aa0f447b-9bc1-455f-9242-121517301b9c,KXGDPYEAR-25-B2.3,2,2025-02-28T04:47:42.423024Z,19,81,yes
894,ed9f4a79-4724-49e4-8244-ac2155888370,KXGDPYEAR-25-B2.3,20,2025-02-22T23:47:12.978053Z,19,81,yes
895,d46c82a9-26d6-429d-98e1-12336c21d69b,KXGDPYEAR-25-B2.3,49,2025-02-22T17:42:28.380401Z,19,81,yes
896,cd3fe5e8-502e-4169-8ca8-380f59ff15f9,KXGDPYEAR-25-B2.3,328,2025-02-22T06:32:17.505023Z,19,81,yes
897,f00b385f-b3ff-4d51-a5d6-1f9835157c4a,KXGDPYEAR-25-B2.3,1,2025-02-22T02:25:06.507742Z,19,81,yes
898,88ad7702-5322-4cfd-a9e4-6d6c54b7f367,KXGDPYEAR-25-B2.3,1,2025-02-20T23:20:46.198559Z,18,82,yes
899,493474c2-e6d6-43e0-ad2e-441360cfe4ee,KXGDPYEAR-25-B2.3,1,2025-02-20T19:17:52.348852Z,18,82,yes
900,6b25bf1c-bec6-4783-8515-3329362aa9aa,KXGDPYEAR-25-B2.3,23,2025-02-18T20:46:16.91836Z,20,80,yes
901,bffd6392-12f8-4772-b9a5-e48bb1d7fffe,KXGDPYEAR-25-B2.3,26,2025-02-10T19:56:50.024916Z,15,85,no
902,84967c8c-d35c-48e5-ba8f-7b65bb33a5b0,KXGDPYEAR-25-B2.3,52,2025-02-10T03:16:44.833737Z,15,85,no
903,a867991c-e9b7-417b-8cb0-6d47088110c5,KXGDPYEAR-25-B2.3,50,2025-02-05T15:32:25.663505Z,16,84,yes
904,c3034232-c98f-410c-9634-1bb57792ff06,KXGDPYEAR-25-B2.3,2,2025-02-03T22:40:04.59104Z,15,85,no
905,2a4aaf38-e1f9-4852-8f02-fe34419aa45a,KXGDPYEAR-25-B2.3,50,2025-02-02T21:24:46.698462Z,16,84,yes
906,f214305e-7245-405b-908e-2ebdae8a9c04,KXGDPYEAR-25-B2.3,48,2025-02-02T04:00:23.090016Z,17,83,yes
907,7614f0c6-c44f-461d-b016-3725b15698ee,KXGDPYEAR-25-B2.3,100,2025-02-02T04:00:23.090016Z,17,83,yes
908,761c4b3e-e2fb-4fb0-8f7a-278477caf3fe,KXGDPYEAR-25-B2.3,2,2025-01-31T16:51:07.642163Z,17,83,yes
909,874829f3-efb6-4046-944e-529404089c6a,KXGDPYEAR-25-B2.3,2,2025-01-31T03:38:03.620894Z,18,82,yes
910,c7ca5f43-f99a-4d83-be3e-cb5a69bb28b1,KXGDPYEAR-25-B2.3,3123,2025-01-31T01:29:22.14022Z,18,82,yes
911,c4586c16-9855-4fef-b84d-3271f7b7fe8b,KXGDPYEAR-25-B2.3,2,2025-01-30T03:52:57.28566Z,16,84,no
912,7d4c6b6b-f43d-4110-b34e-f0f12eab37a1,KXGDPYEAR-25-B2.3,26,2025-01-25T01:00:53.314036Z,18,82,yes
913,c7124e71-f8c4-4652-821c-9dfc797a4d92,KXGDPYEAR-25-B2.3,52,2025-01-24T19:45:34.158447Z,18,82,yes
914,0c6b6b29-3ff7-4f6d-b3f5-5a914d9b933f,KXGDPYEAR-25-B2.3,123,2025-01-24T16:05:05.593951Z,18,82,yes
915,1427f105-f786-492d-9d32-65f791cd79c5,KXGDPYEAR-25-B2.3,16,2025-01-18T21:58:16.185151Z,17,83,yes
916,3d31ae03-600a-4362-87a5-9bc39c01bc67,KXGDPYEAR-25-B2.3,49,2025-01-18T05:52:28.534987Z,14,86,no
917,f332c1f4-7881-471b-a3a1-337d58d81ce6,KXGDPYEAR-25-B2.3,111,2025-01-17T06:46:55.024186Z,17,83,yes
918,54ecb151-0e32-4cf1-84c0-ff14564de1db,KXGDPYEAR-25-B2.3,174,2025-01-15T21:21:54.501457Z,17,83,yes
919,2bb2b546-fd1f-437f-a99f-8ebaee82e3dc,KXGDPYEAR-25-B2.3,5,2025-01-14T00:22:06.577795Z,17,83,yes
920,86d34b50-4416-4b39-b03e-fa7976c63def,KXGDPYEAR-25-B2.3,57,2025-01-12T05:29:51.685719Z,17,83,yes
921,26a848bc-e0c6-41f7-b8d7-66312d14688c,KXGDPYEAR-25-B2.3,1,2025-01-10T21:27:31.805659Z,17,83,no
922,058454ca-bb16-45ce-a35b-240b44aa5464,KXGDPYEAR-25-B2.3,99,2025-01-08T23:24:22.95136Z,19,81,yes
923,07e44fa4-5d34-4037-9e24-7d95a2e6d239,KXGDPYEAR-25-B2.3,498,2025-01-08T05:04:25.215782Z,19,81,yes
924,e4c0966c-c7ea-4db3-9f06-bf010e354bbe,KXGDPYEAR-25-B2.3,49,2025-01-06T19:52:37.785529Z,19,81,yes
925,ff36cd26-7b45-4518-b061-d6ebb3460c87,KXGDPYEAR-25-B2.3,50,2025-01-05T20:30:31.43857Z,18,82,yes
926,eb5f7638-da24-4d60-9fdf-e876f70734bf,KXGDPYEAR-25-B2.3,2,2025-01-05T20:30:31.43857Z,19,81,yes
927,ee7530ec-4fc5-4694-993e-001985a3a853,KXGDPYEAR-25-B2.3,50,2025-01-02T13:47:13.93555Z,17,83,yes
928,f46c5977-db1b-41af-a9bf-d6f8a7e6651b,KXGDPYEAR-25-B2.3,1300,2025-01-01T20:08:08.747363Z,17,83,yes
929,e5a73d60-d51f-4e88-8030-a638a873c7d1,KXGDPYEAR-25-B2.3,100,2025-01-01T20:08:08.747363Z,17,83,yes
930,8374bc2d-46af-487e-9336-767f7f6478ca,KXGDPYEAR-25-B2.3,57,2025-01-01T19:49:32.317956Z,15,85,yes
931,b0a865fc-8adf-4c5a-a464-0825568332a5,KXGDPYEAR-25-B2.3,100,2025-01-01T19:47:01.255255Z,16,84,no
932,f913b89d-557f-4e7b-ade7-767e2760755f,KXGDPYEAR-25-B2.3,1100,2025-01-01T19:46:55.094224Z,15,85,yes
933,c463cc26-f028-4b25-a0b1-599b44a28bd1,KXGDPYEAR-25-B2.3,1100,2025-01-01T19:46:55.094224Z,16,84,yes
934,97efc0ae-ac23-46df-ad50-48399db97413,KXGDPYEAR-25-B2.3,1,2025-01-01T19:46:55.094224Z,16,84,yes
935,569a830c-9181-4efc-b668-459e77c40772,KXGDPYEAR-25-B2.3,399,2025-01-01T19:46:55.094224Z,16,84,yes
936,ae18dd55-3f7c-4bfc-8aa0-503b8b48e638,KXGDPYEAR-25-B2.3,1,2024-12-31T17:22:01.181525Z,20,80,no
937,bb928fc5-f412-42ae-99f4-a16b0313114c,KXGDPYEAR-25-B2.3,10,2024-12-29T18:47:12.262184Z,25,75,yes
938,dc41e664-afa2-450a-9f08-b30ee3666810,KXGDPYEAR-25-B2.3,1,2024-12-22T05:51:30.549143Z,23,77,no
939,b4a692f0-4bd0-4c9f-8ef7-108308f0d071,KXGDPYEAR-25-B2.3,1,2024-12-22T05:51:30.549143Z,22,78,no
940,ac011783-b8f4-413b-bdd5-ed17f6a0e927,KXGDPYEAR-25-B2.3,1,2024-12-22T05:51:30.549143Z,22,78,no
941,aab713c6-1984-4bdf-a2a9-d119326e4cb9,KXGDPYEAR-25-B2.3,119,2024-12-22T05:51:30.549143Z,20,80,no
942,11c55c3c-8f19-432e-8508-474f64c2fec5,KXGDPYEAR-25-B2.3,1,2024-12-22T05:51:30.549143Z,21,79,no
943,3ad269f0-6d96-4719-9460-eec5b2f93a0a,KXGDPYEAR-25-B2.3,3,2024-12-21T19:59:35.277892Z,23,77,no
944,4835fdbc-af52-4af1-99b6-05be4aaf4f4d,KXGDPYEAR-25-B1.8,35,2025-09-06T15:04:26.192455Z,31,69,no
945,2cca79f5-fda0-4ef9-875f-83d30a9435ad,KXGDPYEAR-25-B1.8,75,2025-09-03T16:25:14.224089Z,31,69,no
946,0639e4f6-e116-41e9-8ca1-87f798726a20,KXGDPYEAR-25-B1.8,245,2025-08-30T18:19:19.200662Z,39,61,yes
947,a7e5b2b6-08b1-4855-b26b-0cfb31578936,KXGDPYEAR-25-B1.8,40,2025-08-28T22:32:12.724243Z,32,68,no
948,9e93fd91-2ad7-44e1-8f5f-761808a2f6c1,KXGDPYEAR-25-B1.8,128,2025-08-27T05:50:47.614051Z,38,62,yes
949,02ebb8be-cfee-47cb-9bd4-fffb7307df0d,KXGDPYEAR-25-B1.8,393,2025-08-23T04:45:06.902004Z,32,68,no
950,7143e2d5-fd8d-4e56-991c-dc4eef35af80,KXGDPYEAR-25-B1.8,4,2025-08-21T15:07:14.660537Z,37,63,yes
951,3ccea30a-2d88-4904-9575-90b200d10e18,KXGDPYEAR-25-B1.8,1,2025-08-21T15:07:14.660537Z,37,63,yes
952,155fe87c-a808-4c9d-97fd-7b53ac18fac1,KXGDPYEAR-25-B1.8,1,2025-08-19T17:52:43.947402Z,32,68,yes
953,da6839a2-7ea9-49bc-b614-b88da9b702d1,KXGDPYEAR-25-B1.8,101,2025-08-15T12:34:52.944187Z,29,71,yes
954,cdc2f671-d730-4205-900b-5d263e4aecef,KXGDPYEAR-25-B1.8,295,2025-08-13T20:46:31.258196Z,26,74,no
955,9f9ddcc4-59f4-44bc-a7be-533c2cc157b1,KXGDPYEAR-25-B1.8,9,2025-08-06T14:38:57.714205Z,30,70,yes
956,dd4d0552-a4a9-4eb3-8db1-68b2a587f10c,KXGDPYEAR-25-B1.8,3,2025-08-04T19:19:28.323736Z,31,69,yes
957,6c7a4089-e3fe-4533-aae6-5bbb310b8a23,KXGDPYEAR-25-B1.8,17,2025-08-03T16:28:21.789565Z,28,72,yes
958,ec67e471-4f8e-49cb-a922-ee248d02384b,KXGDPYEAR-25-B1.8,10,2025-08-03T14:07:21.721711Z,24,76,no
959,5eea6f23-85d3-4523-b276-75ee4778a4bd,KXGDPYEAR-25-B1.8,2,2025-08-03T14:07:21.721711Z,23,77,no
960,b5bf4dcf-3acc-446b-b0c7-1b61611dc7a8,KXGDPYEAR-25-B1.8,6,2025-07-31T00:21:43.480398Z,23,77,no
961,dcab21c7-a9ce-6e09-84ef-50e18b966126,KXGDPYEAR-25-B1.8,1329,2025-07-30T15:44:32.576151Z,27,73,yes
962,c054c94a-bfcf-67aa-cf76-d41b8f62935e,KXGDPYEAR-25-B1.8,10,2025-07-30T12:30:45.676025Z,28,72,yes
963,237218d4-66be-6730-f954-067867abd31f,KXGDPYEAR-25-B1.8,100,2025-07-30T12:30:45.676025Z,27,73,yes
964,c8660ccb-0401-4a7f-9d0e-35b43debd383,KXGDPYEAR-25-B1.8,673,2025-07-28T19:47:28.806741Z,24,76,no
965,db40b803-6fbc-4713-abcd-6dfc5b40658c,KXGDPYEAR-25-B1.8,225,2025-07-28T06:18:32.175426Z,24,76,no
966,a1956da0-0208-40a1-8bbb-5257e81e0219,KXGDPYEAR-25-B1.8,170,2025-07-25T19:25:02.370059Z,28,72,yes
967,8e0474d4-3f4a-468c-b287-88dddf72398a,KXGDPYEAR-25-B1.8,45,2025-07-23T03:34:32.956383Z,25,75,yes
968,ae4ea1a2-cda4-4331-b74f-75dfcb732fc0,KXGDPYEAR-25-B1.8,5,2025-07-21T14:36:49.906701Z,25,75,yes
969,969abea0-2ca3-400b-b4ce-f54873268985,KXGDPYEAR-25-B1.8,10,2025-07-21T04:56:02.984055Z,25,75,yes
970,86b7a624-0d40-49a9-b291-6d11d36053ce,KXGDPYEAR-25-B1.8,5,2025-07-21T01:43:01.903558Z,21,79,no
971,8cab5c4a-e53b-48b0-87b7-9e6bed8dd4f5,KXGDPYEAR-25-B1.8,6,2025-07-19T18:25:48.718329Z,25,75,yes
972,381aa499-7194-4384-a654-6157c2d14c70,KXGDPYEAR-25-B1.8,1,2025-07-19T18:25:48.718329Z,23,77,yes
973,724f1a88-958e-473f-9480-11eabcc25fc7,KXGDPYEAR-25-B1.8,12,2025-07-18T20:02:38.541354Z,22,78,yes
974,b8e9a77f-ef20-4cd9-b25c-b8f5cda8380d,KXGDPYEAR-25-B1.8,8,2025-07-18T00:57:18.965415Z,22,78,yes
975,3c672651-e83a-48a2-8550-e7bee9f53cb4,KXGDPYEAR-25-B1.8,1425,2025-07-17T12:36:22.384055Z,21,79,yes
976,0919f02f-a1a1-4f36-b0f8-695162330d4d,KXGDPYEAR-25-B1.8,20,2025-07-17T12:36:22.384055Z,21,79,yes
977,2dcdcdb5-da06-40f9-a292-c871b1af2859,KXGDPYEAR-25-B1.8,225,2025-07-16T20:09:16.896146Z,21,79,yes
978,903f29b7-a73b-4f48-9d7d-35a3ef0d56ff,KXGDPYEAR-25-B1.8,79,2025-07-16T19:39:09.966575Z,18,82,yes
979,92cf6092-3e47-4386-92bb-a604b8065990,KXGDPYEAR-25-B1.8,5,2025-07-11T21:38:46.51223Z,18,82,yes
980,e9233678-076b-4fd1-a383-1a32ce6a1497,KXGDPYEAR-25-B1.8,104,2025-07-10T00:50:47.320857Z,17,83,yes
981,4a5d65bb-4b5b-4ef7-a716-5d81a65147ff,KXGDPYEAR-25-B1.8,6,2025-07-10T00:50:47.320857Z,18,82,yes
982,ea402b72-cbaf-4fd8-a0f4-25d7a5058d25,KXGDPYEAR-25-B1.8,20,2025-06-28T19:54:03.081483Z,17,83,yes
983,621a8c23-e12e-4202-9527-474846686c07,KXGDPYEAR-25-B1.8,2454,2025-06-28T19:54:03.081483Z,17,83,yes
984,fa52675e-9bae-4eba-8144-8b66f34ba85b,KXGDPYEAR-25-B1.8,2884,2025-06-28T19:39:59.253252Z,16,84,yes
985,200e8aff-e2e9-48d4-96da-f49320dddbc2,KXGDPYEAR-25-B1.8,20,2025-06-28T19:39:59.253252Z,16,84,yes
986,54e554b3-e11c-479a-aabe-4447db23d28c,KXGDPYEAR-25-B1.8,295,2025-06-27T17:19:33.979544Z,16,84,yes
987,c9020b4f-8aba-42af-b589-d93416bf4eeb,KXGDPYEAR-25-B1.8,694,2025-06-26T12:59:28.571802Z,12,88,no
988,77887dd0-eea9-4987-85b3-81be84797679,KXGDPYEAR-25-B1.8,10,2025-06-26T12:59:28.571802Z,13,87,no
989,8a894ec2-c265-4d4e-bdaa-d413ad4f56b3,KXGDPYEAR-25-B1.8,377,2025-06-25T23:15:27.28378Z,15,85,yes
990,59d63327-03a0-4b30-8c06-0f97b49d9a8c,KXGDPYEAR-25-B1.8,10,2025-06-24T17:17:35.714926Z,12,88,no
991,16239b8a-4a1b-453f-8c00-29907997dc6d,KXGDPYEAR-25-B1.8,8,2025-06-24T17:17:35.714926Z,13,87,no
992,4f1cef61-2e7e-46a2-8706-06c88c63a471,KXGDPYEAR-25-B1.8,10,2025-06-19T18:04:17.468319Z,18,82,yes
993,a9dbb489-af2d-436f-9811-7211ab3a578a,KXGDPYEAR-25-B1.8,277,2025-06-17T20:54:43.880426Z,12,88,no
994,508e16b9-05f2-40c1-b409-4b453658f12b,KXGDPYEAR-25-B1.8,20,2025-06-11T21:19:32.312049Z,12,88,no
995,06f15348-ff7a-4dee-893d-db239ea87771,KXGDPYEAR-25-B1.8,8,2025-06-11T21:19:32.312049Z,13,87,no
996,da547e63-18bf-4083-8613-98f9aa3ce00a,KXGDPYEAR-25-B1.8,218,2025-06-01T15:47:37.070411Z,16,84,no
997,04362462-85e1-4419-989d-51cb069ac181,KXGDPYEAR-25-B1.8,4,2025-06-01T15:47:37.070411Z,16,84,no
998,7e978e8d-48da-4553-850c-f23485b6714e,KXGDPYEAR-25-B1.8,2,2025-05-30T23:43:19.851249Z,16,84,no
999,12d8e529-e092-48ed-843b-9c8fa3dada92,KXGDPYEAR-25-B1.8,105,2025-05-30T18:51:43.252619Z,18,82,yes
1000,3ab83a5e-974b-4ba8-8cdf-c1ae216ee17b,KXGDPYEAR-25-B1.8,10,2025-05-29T13:08:44.76504Z,18,82,yes
1001,27fef476-91a4-44fb-92b1-b49d0e72fd46,KXGDPYEAR-25-B1.8,146,2025-05-28T16:48:19.252237Z,20,80,no
1002,6bd80ccc-92c8-484e-aa17-56b516f69dc1,KXGDPYEAR-25-B1.8,4,2025-05-27T15:34:14.024143Z,20,80,yes
1003,b57c7ebb-e5c4-4a02-90ea-6e570cf30482,KXGDPYEAR-25-B1.8,157,2025-05-25T16:07:36.748807Z,18,82,yes
1004,074a48db-534d-4ea7-a86b-785225326e7d,KXGDPYEAR-25-B1.8,15,2025-05-24T23:39:10.926735Z,18,82,yes
1005,54e5af00-cf35-46f5-9b2a-b644c68dd56a,KXGDPYEAR-25-B1.8,50,2025-05-20T15:21:28.409176Z,18,82,yes
1006,a70fe4cf-ede7-4d0c-a80a-2671babc16da,KXGDPYEAR-25-B1.8,200,2025-05-20T15:19:32.418784Z,18,82,yes
