,trade_id,ticker,count,created_time,yes_price,no_price,taker_side
0,7867bade-be5b-4c96-983b-998570ec1140,KXU3-25SEP-T4.3,5,2025-09-07T14:21:13.482739Z,41,59,no
1,edf71ea8-e52e-4e60-bcf3-af6108e98843,KXU3-25SEP-T4.3,10,2025-09-07T07:04:59.311817Z,42,58,no
2,9140dcfd-14e7-481b-9bf1-ee639e07f15e,KXU3-25SEP-T4.3,10,2025-09-07T07:00:06.465504Z,43,57,no
3,c73a99d9-66b2-4169-8b93-17746e15321f,KXU3-25SEP-T4.3,41,2025-09-07T04:07:10.648465Z,46,54,yes
4,15c188af-427d-48c4-9e80-60b81494d504,KXU3-25SEP-T4.3,20,2025-09-07T01:17:03.51871Z,46,54,yes
5,31f777f8-4864-4637-8831-bfa177b1727f,KXU3-25SEP-T4.3,5,2025-09-06T22:59:04.933412Z,46,54,yes
6,5e3ebe9e-b241-4364-997d-c62433f52e34,KXU3-25SEP-T4.3,10,2025-09-06T22:36:10.918037Z,46,54,yes
7,a1bfb368-a181-427b-8cdc-5d1a2f727719,KXU3-25SEP-T4.3,1,2025-09-06T19:10:47.524189Z,42,58,no
8,777453da-713c-4284-8b53-aa704a09965f,KXU3-25SEP-T4.3,5,2025-09-06T18:34:26.354223Z,46,54,yes
9,6190e835-0c0c-4698-a694-ca56e9c3fbd1,KXU3-25SEP-T4.3,150,2025-09-06T17:54:23.825467Z,46,54,yes
10,1035d86f-2cf0-4541-bf73-cd2b05b9bf6a,KXU3-25SEP-T4.3,4,2025-09-06T16:40:48.22209Z,42,58,no
11,6b7f829c-1050-47a7-825e-32e00986060c,KXU3-25SEP-T4.3,1,2025-09-06T16:17:03.026797Z,46,54,yes
12,09dee3fc-8230-4074-8707-2dd069f0face,KXU3-25SEP-T4.3,2,2025-09-06T15:18:05.351722Z,46,54,yes
13,a49fb6d1-01fe-41d5-80a6-cafbaefad9cd,KXU3-25SEP-T4.3,28,2025-09-06T13:55:58.304719Z,46,54,yes
14,006e543c-fadc-4f32-88de-d4139d9d56a5,KXU3-25SEP-T4.3,10,2025-09-06T13:20:35.724798Z,41,59,yes
15,bc75cc41-21b7-4768-a512-bdacf2cb5c9e,KXU3-25SEP-T4.3,5600,2025-09-06T05:38:38.131845Z,35,65,yes
16,7ee4743d-3203-47e3-aa6b-330134c3887e,KXU3-25SEP-T4.3,110,2025-09-06T05:38:38.131845Z,35,65,yes
17,8168a0d2-940d-426a-89dc-3c1c9e24f1eb,KXU3-25SEP-T4.3,400,2025-09-06T05:06:14.658692Z,35,65,yes
18,e963b903-4351-4dcd-a9fc-3e1f2f4a613f,KXU3-25SEP-T4.3,5,2025-09-06T04:56:54.9017Z,35,65,yes
19,201427be-dcc8-47b0-9dfe-eed5088fa6e4,KXU3-25SEP-T4.3,25,2025-09-06T04:10:25.748032Z,35,65,yes
20,87e54758-5c8d-41cf-9ea3-0c9d4e58beff,KXU3-25SEP-T4.3,15,2025-09-06T03:58:46.01106Z,34,66,yes
21,33ae18ab-831a-477f-8193-6043d8c3527e,KXU3-25SEP-T4.3,3,2025-09-06T02:16:46.325727Z,34,66,yes
22,6c6648b3-a979-440b-87c8-e49c902b2c91,KXU3-25SEP-T4.3,1,2025-09-06T01:18:17.399101Z,34,66,yes
23,8886591a-2ce4-46d1-950f-8a60d671707d,KXU3-25SEP-T4.3,1,2025-09-06T01:03:09.548246Z,31,69,no
24,82e2b14d-81a5-4128-9d7a-f50ba82a1e77,KXU3-25SEP-T4.3,19,2025-09-06T01:03:09.548246Z,31,69,no
25,97a92799-67e7-49c6-947f-94d03d8db1ec,KXU3-25SEP-T4.3,5,2025-09-05T23:39:30.795198Z,35,65,yes
26,a8b0bb88-1931-4baf-b43b-e4abbfe07a5b,KXU3-25SEP-T4.3,100,2025-09-05T23:25:16.458189Z,35,65,yes
27,8b59e748-e0f0-406a-973a-ced1769b22c7,KXU3-25SEP-T4.3,30,2025-09-05T23:04:26.950589Z,35,65,yes
28,de441da5-20d2-453b-ab92-150c49a445b9,KXU3-25SEP-T4.3,27,2025-09-05T22:48:56.245773Z,35,65,yes
29,cdd6c5f0-d413-439f-a83c-3f091790f0c9,KXU3-25SEP-T4.3,11,2025-09-05T22:08:06.074137Z,33,67,yes
30,7db8f116-9c71-4839-b2a8-24ed2e458f47,KXU3-25SEP-T4.3,1,2025-09-05T21:23:59.143729Z,33,67,yes
31,28eaa77a-7e31-4ced-a597-4784819147a2,KXU3-25SEP-T4.3,28,2025-09-05T21:01:06.885984Z,33,67,yes
32,ced235d9-b139-42b1-97e0-518f4de7e9e9,KXU3-25SEP-T4.3,1,2025-09-05T20:39:24.183569Z,33,67,yes
33,e300d731-addc-465e-a868-08c5296c70df,KXU3-25SEP-T4.3,100,2025-09-05T20:34:30.150036Z,33,67,yes
34,e220ec69-e4b9-43a8-8ad0-99a5082dce21,KXU3-25SEP-T4.3,289,2025-09-05T20:33:03.638879Z,33,67,yes
35,d09f0488-e5d4-4e9a-9fef-948c4721bed5,KXU3-25SEP-T4.3,30,2025-09-05T19:37:05.493877Z,30,70,no
36,643886ec-7a16-4fc0-b65b-09f109cbb08c,KXU3-25SEP-T4.3,40,2025-09-05T19:37:05.493877Z,30,70,no
37,afce0b97-0192-43ba-a6db-80b321248d50,KXU3-25SEP-T4.3,50,2025-09-05T19:11:13.21997Z,33,67,yes
38,3b1085eb-056d-4c36-8480-282066e3f227,KXU3-25SEP-T4.3,10,2025-09-05T18:42:38.702274Z,33,67,yes
39,41723110-200f-4afc-82e7-c202ad06c4bb,KXU3-25SEP-T4.3,9,2025-09-05T17:31:44.964462Z,30,70,no
40,88c4c7a1-7616-4e18-b00c-8bf313c837db,KXU3-25SEP-T4.3,1,2025-09-05T17:29:51.198304Z,30,70,no
41,620f02e2-7820-41dd-a146-ac76b7ec7943,KXU3-25SEP-T4.3,1,2025-09-05T16:35:15.631209Z,33,67,yes
42,0d247eea-c19d-4e1a-9eac-2e3fd3becab4,KXU3-25SEP-T4.3,2,2025-09-05T16:31:15.847374Z,33,67,yes
43,0f45d45f-6164-4a84-bbd2-02f96c290b08,KXU3-25SEP-T4.3,5,2025-09-05T16:27:42.143759Z,33,67,yes
44,2c2e5f28-56ac-4ef4-9a71-0b956286a12e,KXU3-25SEP-T4.3,2,2025-09-05T15:57:32.661475Z,33,67,yes
45,bf55c748-28a9-4697-9033-182f291bcf7f,KXU3-25SEP-T4.3,1000,2025-09-05T14:57:42.111229Z,33,67,yes
46,9db53c0a-9bd1-43be-8456-715317fea50b,KXU3-25SEP-T4.3,2000,2025-09-05T14:57:42.111229Z,32,68,yes
47,71920ae3-365b-4496-9e9c-3f7b3f94c9d2,KXU3-25SEP-T4.3,1000,2025-09-05T14:57:42.111229Z,35,65,yes
48,348926bd-d72f-4b2a-b7fc-830aba1683d1,KXU3-25SEP-T4.3,290,2025-09-05T14:57:42.111229Z,31,69,yes
49,f66ba36d-e277-41ef-94a4-a6b7453446ab,KXU3-25SEP-T4.3,10,2025-09-05T14:50:14.57782Z,31,69,yes
50,0b58621e-7711-4ae0-bed5-499a29306c34,KXU3-25SEP-T4.3,389,2025-09-05T13:21:22.201557Z,30,70,yes
51,2901726b-b385-4d5a-bd22-8481943276a3,KXU3-25SEP-T4.3,208,2025-09-05T12:49:06.576756Z,29,71,no
52,03fdb9ba-58a2-41ef-b3a6-f06fc1d41b8e,KXU3-25SEP-T4.3,107,2025-09-05T12:35:53.447902Z,29,71,no
53,4aa53612-f976-4e87-a7d2-b145b53f5dee,KXU3-25SEP-T4.3,185,2025-09-05T12:35:48.404942Z,28,72,yes
54,e3793177-70bc-4765-bec8-e1a6e176b72a,KXU3-25SEP-T4.3,100,2025-09-04T19:45:36.369582Z,27,73,yes
55,63b71730-e88f-4ff5-abbb-e9a9d4c87382,KXU3-25SEP-T4.3,2,2025-09-04T19:45:36.369582Z,27,73,yes
56,3800dd96-3664-4821-9787-fd474e385748,KXU3-25SEP-T4.3,8,2025-09-04T19:45:36.369582Z,27,73,yes
57,cb35b7f7-0140-4492-87d6-dcdf2ed7e654,KXU3-25SEP-T4.3,16,2025-08-22T16:11:35.089212Z,23,77,yes
58,a186b0c5-063f-4bdd-9d66-954c8918da1b,KXU3-25SEP-T4.3,6,2025-08-22T16:11:35.089212Z,23,77,yes
59,2de8944f-2701-4b81-af78-71791f31e219,KXU3-25SEP-T4.3,200,2025-08-22T16:11:35.089212Z,25,75,yes
60,ff3649ae-3fd7-42f0-8cc9-54a3ab60769f,KXU3-25SEP-T4.2,4,2025-09-07T14:10:48.910029Z,81,19,no
61,413434e2-ef09-41a8-b690-4f69ffcd0c33,KXU3-25SEP-T4.2,10,2025-09-07T09:20:18.476925Z,81,19,no
62,0ca8d6b7-34fc-4b6a-bda3-f5d19575b118,KXU3-25SEP-T4.2,10,2025-09-07T08:55:30.909891Z,81,19,no
63,dc2eff97-82d9-412c-9e64-27f918f6e089,KXU3-25SEP-T4.2,10,2025-09-07T08:23:33.368521Z,81,19,no
64,05d4af37-ce1f-43da-90c2-fbc02dbee79a,KXU3-25SEP-T4.2,10,2025-09-07T08:19:49.896389Z,81,19,no
65,73aa2818-8aec-4b3f-a2ca-177982c30ea5,KXU3-25SEP-T4.2,10,2025-09-07T08:12:08.268521Z,82,18,no
66,7f6524a6-78ba-4025-b791-fa91dc04e58c,KXU3-25SEP-T4.2,10,2025-09-07T07:54:51.136436Z,82,18,no
67,9629adf9-cd69-4ecb-9347-2b8d378ea020,KXU3-25SEP-T4.2,5,2025-09-07T07:54:50.97331Z,85,15,yes
68,ef9762fe-763a-48ac-98e6-01cf2c8caacb,KXU3-25SEP-T4.2,10,2025-09-07T07:44:33.971129Z,82,18,no
69,9d75b6a6-28cd-4a79-9a7b-366643e2177f,KXU3-25SEP-T4.2,10,2025-09-07T07:19:41.556383Z,82,18,no
70,c0838efe-4c49-4666-9907-f5d5abf0c347,KXU3-25SEP-T4.2,10,2025-09-07T07:12:34.237703Z,82,18,no
71,f2b73fc4-5c45-4b31-bf2d-08b20f066bc6,KXU3-25SEP-T4.2,3,2025-09-07T07:07:13.819578Z,83,17,no
72,514dfa8e-6d53-45b1-9920-263f1268551c,KXU3-25SEP-T4.2,1,2025-09-07T07:04:22.430456Z,83,17,no
73,309a6eb9-9d11-4003-abd8-bf8e65d3cda0,KXU3-25SEP-T4.2,6,2025-09-07T07:04:22.430456Z,82,18,no
74,c3baaeec-39da-4f04-b574-cb909d7ae011,KXU3-25SEP-T4.2,19,2025-09-07T04:34:49.999966Z,84,16,no
75,4903a38f-0dfa-4587-a28f-9b798444bb90,KXU3-25SEP-T4.2,1,2025-09-07T04:34:49.999966Z,84,16,no
76,4f306341-c69e-46a8-a8b1-6131d493374a,KXU3-25SEP-T4.2,1,2025-09-07T01:54:13.382106Z,83,17,no
77,cc4e2c67-b3a6-4fa8-aec6-d8e78793dbe1,KXU3-25SEP-T4.2,4,2025-09-07T00:42:35.47551Z,86,14,no
78,41fa9b2f-25bb-4b42-8044-00d14b9f2c3c,KXU3-25SEP-T4.2,5,2025-09-06T22:56:43.035873Z,87,13,yes
79,d28c4226-0a2b-4e13-8300-8fd392242ab1,KXU3-25SEP-T4.2,3,2025-09-06T22:37:31.762376Z,87,13,yes
80,c9c5240a-d064-4cbe-83f6-b824a2acbb8c,KXU3-25SEP-T4.2,166,2025-09-06T22:37:31.762376Z,88,12,yes
81,929f49df-1859-489b-bb47-cc489aa6e5af,KXU3-25SEP-T4.2,113,2025-09-06T18:49:15.070805Z,87,13,yes
82,5846204e-2c53-47bf-91a8-4470e217216a,KXU3-25SEP-T4.2,4,2025-09-06T18:34:52.047661Z,87,13,yes
83,1395b64b-8a3a-4424-8cb4-56ad356281b6,KXU3-25SEP-T4.2,5,2025-09-06T18:27:20.87361Z,87,13,yes
84,67fa8999-176a-4e63-a6c7-dc95b73906db,KXU3-25SEP-T4.2,250,2025-09-06T17:50:49.904287Z,87,13,yes
85,a02553fa-8d85-454d-a8c3-4cf178c91d68,KXU3-25SEP-T4.2,2800,2025-09-06T14:45:59.257683Z,87,13,yes
86,92a4b75f-6ba5-4805-9418-a29a56be247f,KXU3-25SEP-T4.2,1417,2025-09-06T13:46:30.504033Z,93,7,yes
87,68701754-da4a-4bd2-a905-97cf322b5cbd,KXU3-25SEP-T4.2,250,2025-09-06T13:32:07.304919Z,96,4,yes
88,4a12f7f4-15fd-4f74-b0c4-ce92bd1eb33d,KXU3-25SEP-T4.2,1333,2025-09-06T13:31:51.97469Z,87,13,yes
89,35ea7fe7-72b4-4123-8b41-903bfd3699b4,KXU3-25SEP-T4.2,4000,2025-09-06T13:31:29.964239Z,85,15,yes
90,e17af9a5-b668-4743-92ed-326ded8b8527,KXU3-25SEP-T4.2,4000,2025-09-06T13:31:09.403787Z,83,17,yes
91,aecc5104-4407-4b9a-b373-4585ba4cb8cb,KXU3-25SEP-T4.2,5,2025-09-06T13:30:49.864936Z,80,20,yes
92,90379a84-2a71-4052-a0c7-8e9ac69d92e6,KXU3-25SEP-T4.2,3989,2025-09-06T13:30:49.864936Z,80,20,yes
93,100cdfd4-59f5-4323-b76b-d608d76b0035,KXU3-25SEP-T4.2,6,2025-09-06T13:30:49.864936Z,80,20,yes
94,dbd8de0a-d6ee-44c5-9f9f-a1ecad970b77,KXU3-25SEP-T4.2,6,2025-09-06T13:25:31.753323Z,80,20,yes
95,212ddfcc-e7ca-4ad7-a461-c04318b84d82,KXU3-25SEP-T4.2,5,2025-09-06T13:24:55.903778Z,80,20,yes
96,7400a50e-463e-4c09-8b5f-b6f8dae5ccb8,KXU3-25SEP-T4.2,135,2025-09-06T13:13:23.904892Z,84,16,yes
97,d1186cef-c308-41d6-a746-555b7f9743ca,KXU3-25SEP-T4.2,165,2025-09-06T13:13:13.358366Z,83,17,yes
98,d96ef8c0-b94d-462c-bad2-59abce0bcac8,KXU3-25SEP-T4.2,156,2025-09-06T13:12:58.922658Z,83,17,yes
99,a099536d-0247-44b7-b022-b4c7b02a6fa1,KXU3-25SEP-T4.2,104,2025-09-06T13:12:19.595755Z,82,18,yes
100,9a993d56-6e63-433a-b645-01ebe46a4d01,KXU3-25SEP-T4.2,199,2025-09-06T13:12:19.595755Z,82,18,yes
101,8236ff91-35cd-4c3d-a2a0-ae38b2906db4,KXU3-25SEP-T4.2,125,2025-09-06T13:12:09.417809Z,81,19,yes
102,275c5cde-46c2-4f02-af34-1465633e914b,KXU3-25SEP-T4.2,2000,2025-09-06T13:11:49.70566Z,79,21,yes
103,9903bdd5-68ca-46b0-b31c-7e75393f4103,KXU3-25SEP-T4.2,55,2025-09-06T13:11:31.3649Z,78,22,yes
104,028250b3-de64-4593-8010-96e5948c3760,KXU3-25SEP-T4.2,6000,2025-09-06T13:11:10.145268Z,76,24,yes
105,c22e4fe4-bbd1-4881-9d0e-77b7c0a8303c,KXU3-25SEP-T4.2,61,2025-09-06T13:10:53.935767Z,74,26,yes
106,f3d42ce2-5c6d-4045-b9d0-e01d86360e45,KXU3-25SEP-T4.2,5,2025-09-06T13:10:20.434071Z,73,27,yes
107,d2c5507e-3ae2-477f-9e47-17f560a91781,KXU3-25SEP-T4.2,5995,2025-09-06T13:10:20.434071Z,73,27,yes
108,5df806f4-ad6d-45d2-8e9c-c17a7f9d5259,KXU3-25SEP-T4.2,5,2025-09-06T12:54:28.154286Z,73,27,yes
109,09652255-4527-47db-a9dd-e7e0de6c7176,KXU3-25SEP-T4.2,133,2025-09-06T04:54:02.741307Z,72,28,yes
110,87429dea-a6a7-4d09-adc1-7a7062479e0e,KXU3-25SEP-T4.2,10,2025-09-06T04:10:08.352276Z,72,28,yes
111,9db1b7db-6f16-41a3-9853-c0c19908caed,KXU3-25SEP-T4.2,1,2025-09-06T01:19:47.969133Z,72,28,yes
112,eeca0290-f705-4a72-9e8a-53c205880a6e,KXU3-25SEP-T4.2,4,2025-09-06T01:03:29.53756Z,68,32,no
113,022cbf38-9c1e-4471-9ff2-d2bca1826cc2,KXU3-25SEP-T4.2,1,2025-09-05T22:11:57.49588Z,72,28,yes
114,78a422ac-8c76-4c67-8c95-624e7e8048a2,KXU3-25SEP-T4.2,10,2025-09-05T22:05:25.091196Z,72,28,yes
115,b842ff10-4d38-4554-b040-fc6cd338e0f4,KXU3-25SEP-T4.2,100,2025-09-05T19:46:10.000221Z,72,28,yes
116,d4d89bfb-7935-474d-89fe-9273d67af53e,KXU3-25SEP-T4.2,1000,2025-09-05T19:02:38.77014Z,71,29,yes
117,54536c4a-8257-4b5d-9811-532e4255d8dc,KXU3-25SEP-T4.2,1,2025-09-05T18:24:42.030364Z,70,30,yes
118,3620b26a-3029-44f9-99e0-23e18c7b9d77,KXU3-25SEP-T4.2,13,2025-09-05T17:50:15.319976Z,70,30,yes
119,377c0de0-1939-49e9-8e23-02500ace538b,KXU3-25SEP-T4.2,2,2025-09-05T17:36:37.910407Z,69,31,yes
120,8fa81881-ac57-49cb-8f95-a9019662deb7,KXU3-25SEP-T4.2,10,2025-09-05T16:35:50.781378Z,70,30,yes
121,a36bb58a-b368-4f5e-8a42-7bd3c9de8229,KXU3-25SEP-T4.2,2000,2025-09-05T16:13:19.115709Z,69,31,yes
122,4b64708c-75d7-44e5-8766-a4454b49eff0,KXU3-25SEP-T4.2,1,2025-09-05T15:55:29.430557Z,69,31,yes
123,d19b334b-f901-4e0e-8c10-2dd54d1f9202,KXU3-25SEP-T4.2,1,2025-09-05T15:08:31.434208Z,90,10,yes
124,f7633392-3ccd-4ca9-bc72-f8f87d19e2d9,KXU3-25SEP-T4.2,7,2025-09-05T15:05:01.990428Z,63,37,no
125,57a5e51a-87dc-4be2-ac16-26513006c1ed,KXU3-25SEP-T4.2,70,2025-09-05T13:10:50.365262Z,68,32,yes
126,b052643d-44e0-49ef-a426-57228c94e7a3,KXU3-25SEP-T4.2,32,2025-09-05T12:36:17.944362Z,66,34,yes
127,057fc5b8-6e29-4d81-8670-96c28b9933c8,KXU3-25SEP-T4.2,20,2025-09-04T13:01:00.354386Z,61,39,no
128,61750010-7bfc-4ad6-a40b-a993102c76f0,KXU3-25SEP-T4.2,20,2025-08-22T15:01:55.050459Z,56,44,no
129,c904f250-1e28-4fda-b391-3ba4c09b5abd,KXU3-25SEP-T4.1,30,2025-09-06T18:24:00.267517Z,95,5,no
130,6f270ba8-f007-4cac-8bc8-264c335a0f95,KXU3-25SEP-T4.1,2944,2025-09-05T18:50:40.071871Z,96,4,yes
131,f87bbab7-4c2c-483f-972e-9d70287ec846,KXU3-25SEP-T4.1,32,2025-09-05T18:48:59.14526Z,95,5,yes
132,6d07fc72-7561-4582-bc70-f069759299ea,KXU3-25SEP-T4.1,50,2025-09-05T16:18:17.181708Z,95,5,yes
133,7ee8e76e-ddcc-4bc1-ab04-28cd22b90f01,KXU3-25SEP-T4.1,42,2025-09-05T12:32:18.562971Z,86,14,no
134,5e358dea-70a3-496e-a601-8a4864a5f7ed,KXU3-25SEP-T4.1,108,2025-09-05T12:32:18.562971Z,88,12,no
135,f8539ea4-ede2-4898-be48-f43108243ba0,KXU3-25SEP-T4.1,10,2025-09-04T12:59:30.797695Z,88,12,no
136,9121228f-415c-4791-9de7-92f868ec7b21,KXU3-25SEP-T4.1,80,2025-08-22T15:00:21.617663Z,86,14,no
137,d6eeeea5-864c-4a06-a392-ed3c55be8076,KXU3-25SEP-T4.0,10,2025-09-07T04:42:39.644962Z,97,3,no
138,8a61cef5-9c00-440d-8ac5-965c347ca637,KXU3-25SEP-T4.0,149,2025-09-07T02:52:16.462949Z,97,3,no
139,a037deaf-394e-4600-a8ef-bd5151880052,KXU3-25SEP-T4.0,50,2025-09-06T18:22:06.022929Z,97,3,no
140,5800dd0a-f2aa-4963-a3c4-3954d3e4b16a,KXU3-25SEP-T3.9,1,2025-09-06T18:21:44.763314Z,98,2,no
141,444276f5-3db9-45c0-a91a-8b5364343a80,KXU3-25SEP-T3.8,1,2025-09-06T18:21:24.124253Z,98,2,no
142,a8277a2d-ea16-4bab-ba43-b23e27f62576,KXU3-25AUG-T4.4,18,2025-09-05T12:13:50.587204Z,3,97,no
143,74c8fb02-3ef6-4065-b8ee-9e2c01c985d1,KXU3-25AUG-T4.4,1,2025-09-05T12:13:42.709653Z,2,98,no
144,7ec08852-e5fb-41f9-a6d0-733afdaf5bc1,KXU3-25AUG-T4.4,15,2025-09-05T04:03:58.355708Z,4,96,no
145,206dd4d3-88e7-4de0-bba5-d17eb3046efa,KXU3-25AUG-T4.4,1000,2025-09-05T04:03:48.341914Z,4,96,no
146,1c99e861-669a-48d3-9c11-a5315dda97b6,KXU3-25AUG-T4.4,100,2025-09-05T04:03:48.341914Z,4,96,no
147,2c12bbf0-d6d4-407f-b05d-33b76d269bcb,KXU3-25AUG-T4.4,1500,2025-09-05T03:59:23.5369Z,4,96,no
148,70ce2132-fef3-493a-8147-52169a3a4501,KXU3-25AUG-T4.4,1000,2025-09-05T03:59:00.530382Z,4,96,no
149,b579f8f9-34ad-478b-9ac4-07d1966c1c83,KXU3-25AUG-T4.4,985,2025-09-05T03:58:51.110701Z,5,95,no
150,7783c78e-3481-4b01-8684-06be3560e2b1,KXU3-25AUG-T4.4,100,2025-09-05T03:58:51.110701Z,5,95,no
151,6f1bec1a-9a98-4c81-9a42-b6ac5b9129eb,KXU3-25AUG-T4.4,67,2025-09-05T03:15:21.680923Z,5,95,no
152,3121dc91-e185-40f3-8896-7c7bace8cea7,KXU3-25AUG-T4.4,10,2025-09-05T03:11:47.807788Z,5,95,no
153,07c37563-c226-497e-ac93-82944eb7205b,KXU3-25AUG-T4.4,34,2025-09-05T03:09:27.038657Z,6,94,no
154,fd55bfdf-cddb-4799-9adf-846f1e8e245d,KXU3-25AUG-T4.4,50,2025-09-05T03:09:13.049079Z,5,95,no
155,382008b7-17cf-4832-b594-4a9a59ba264a,KXU3-25AUG-T4.4,50,2025-09-05T02:44:30.896926Z,5,95,no
156,5312b5b7-48e2-4452-bf9a-032c3a6c87ea,KXU3-25AUG-T4.4,2,2025-09-05T02:08:27.882807Z,6,94,no
157,29b452ab-be2d-4a0f-b1f0-086cc79bb8d8,KXU3-25AUG-T4.4,33,2025-09-05T01:36:58.923004Z,7,93,yes
158,b5415815-2266-4b81-93ca-bb698b7bc6c3,KXU3-25AUG-T4.4,100,2025-09-05T01:07:35.260119Z,5,95,no
159,ff9bc267-8875-46be-a4f5-907f4c319bb6,KXU3-25AUG-T4.4,30,2025-09-04T22:30:57.182227Z,7,93,yes
160,9d932b6c-8cb8-4147-a21b-2e7bb29e599f,KXU3-25AUG-T4.4,170,2025-09-04T22:30:57.182227Z,7,93,yes
161,f4a8cbf3-57d8-4c92-8800-8a80acb655c2,KXU3-25AUG-T4.4,30,2025-09-04T22:30:18.813467Z,6,94,yes
162,b1d64afc-85a5-4da7-a171-436fe6ce5ead,KXU3-25AUG-T4.4,6,2025-09-04T22:29:53.22702Z,6,94,yes
163,2b6f1adc-64ca-4ed7-ae16-9171d6fa68aa,KXU3-25AUG-T4.4,86,2025-09-04T22:29:53.22702Z,6,94,yes
164,382e86d2-891b-4ae2-a16f-ca065f2194e3,KXU3-25AUG-T4.4,46,2025-09-04T21:25:59.859104Z,6,94,yes
165,a6454be7-fc85-4f3d-875c-fa54cbd44d8c,KXU3-25AUG-T4.4,24,2025-09-04T20:57:32.421889Z,5,95,no
166,7135851e-1525-4df1-aed1-93239835685b,KXU3-25AUG-T4.4,2,2025-09-04T20:48:02.578002Z,6,94,yes
167,c5dd912f-7ead-4fef-bb81-8fa9d4a9a85a,KXU3-25AUG-T4.4,829,2025-09-04T20:45:10.531546Z,6,94,yes
168,8c7f32af-ef3a-4e25-9102-1ec4b51e8eca,KXU3-25AUG-T4.4,2,2025-09-04T20:36:54.01078Z,6,94,yes
169,50c03a49-2edb-4184-a586-4fd8cd0d8b1a,KXU3-25AUG-T4.4,99,2025-09-04T20:36:54.01078Z,6,94,yes
170,af3550d1-2666-4dcf-a446-6bc97659aedf,KXU3-25AUG-T4.4,5,2025-09-04T16:42:26.675853Z,5,95,no
171,ae7e0e41-3a30-4522-afdb-ab6f8fb05f16,KXU3-25AUG-T4.4,30,2025-09-04T12:10:15.03116Z,6,94,no
172,dbeb9d39-9db3-4540-b0ea-34c025dbb562,KXU3-25AUG-T4.4,75,2025-09-04T05:29:48.879371Z,5,95,no
173,dd1cfa63-4b82-4ea4-b399-14fa664bd4ac,KXU3-25AUG-T4.4,300,2025-09-04T03:45:51.612456Z,5,95,no
174,a855d0f1-7254-4644-8716-9af635cadf18,KXU3-25AUG-T4.4,25,2025-09-04T01:46:05.907963Z,6,94,yes
175,ac9277cb-6d4f-4f3a-9fb3-353f65bee133,KXU3-25AUG-T4.4,345,2025-09-03T21:18:05.15416Z,5,95,no
176,a0ea18ae-c650-4117-8e24-c8ca1f48922b,KXU3-25AUG-T4.4,11,2025-09-03T20:42:22.240093Z,5,95,no
177,1caf51d2-03dd-4af1-98b8-db024eae7dc1,KXU3-25AUG-T4.4,489,2025-09-03T20:42:22.240093Z,5,95,no
178,7e9e8bf1-b51a-45da-8b69-41bd0f0b76ed,KXU3-25AUG-T4.4,10,2025-09-03T19:48:58.580965Z,4,96,no
179,614d7e73-ffa2-455c-b43f-385b6c8bbd9f,KXU3-25AUG-T4.4,50,2025-09-03T19:12:43.083484Z,6,94,yes
180,b8a8a9ea-3409-4be1-a69f-36cae4821fed,KXU3-25AUG-T4.4,73,2025-09-03T17:22:01.093859Z,6,94,yes
181,4cace740-9a1a-4989-9b84-340b7b858b1b,KXU3-25AUG-T4.4,8,2025-09-03T17:22:01.093859Z,6,94,yes
182,2410f275-145d-4e25-8d96-400c51a109ba,KXU3-25AUG-T4.4,24,2025-09-03T05:44:44.925782Z,6,94,yes
183,d56d97bf-b24a-4e87-8646-f4f6ab5b9be5,KXU3-25AUG-T4.4,35,2025-09-03T05:32:42.550309Z,6,94,yes
184,70876eef-c8e5-4db0-8fbc-5751c0d1a43a,KXU3-25AUG-T4.4,5,2025-09-02T18:17:42.092036Z,6,94,yes
185,df5908ee-f5d3-4f62-870a-df2c6d59d1fe,KXU3-25AUG-T4.4,655,2025-09-02T17:31:43.123784Z,6,94,no
186,e793f4da-9498-4d5c-8cd0-798523c5ebc9,KXU3-25AUG-T4.4,67,2025-09-02T17:27:05.718759Z,6,94,yes
187,cc7961db-bfe5-4233-9d06-934ec2db9399,KXU3-25AUG-T4.4,158,2025-09-02T17:27:05.718759Z,6,94,yes
188,3c915e46-04c2-41e7-a3e9-f8e20384efc2,KXU3-25AUG-T4.4,5,2025-09-02T16:36:48.762213Z,5,95,no
189,57c959cd-d042-4058-ba8c-057e4a731d40,KXU3-25AUG-T4.4,50,2025-09-02T15:42:30.139148Z,6,94,yes
190,bd24440f-c87f-4aa0-925f-e792b59ceed1,KXU3-25AUG-T4.4,12,2025-09-02T14:52:15.671598Z,6,94,yes
191,dad62850-1181-4b69-96e1-a0a9daded644,KXU3-25AUG-T4.4,168,2025-09-02T14:43:25.171089Z,6,94,yes
192,fdec27fe-c342-432a-b56f-7854c13d8db9,KXU3-25AUG-T4.4,100,2025-09-02T14:27:20.374438Z,6,94,yes
193,ebefbe82-e364-4e91-b210-d5ddef061f12,KXU3-25AUG-T4.4,25,2025-09-02T14:13:25.94635Z,6,94,yes
194,3bbdef44-ecd9-4510-867d-c31d59401662,KXU3-25AUG-T4.4,46,2025-09-02T02:58:50.597806Z,5,95,yes
195,b4e5cc6e-b1e8-496c-9a00-cb01ac439ca4,KXU3-25AUG-T4.4,100,2025-09-01T04:59:21.866682Z,4,96,no
196,7c98b18a-00f5-4db6-90ff-e48d28ba4b83,KXU3-25AUG-T4.4,4,2025-09-01T02:58:51.68836Z,5,95,yes
197,37ee6aff-8744-4631-97e5-7899b7359127,KXU3-25AUG-T4.4,96,2025-09-01T02:58:51.68836Z,5,95,yes
198,b63b9225-bd50-417e-bc46-122a46d44a15,KXU3-25AUG-T4.4,5,2025-08-31T18:33:17.873566Z,4,96,no
199,bb95fa6a-dd7d-47c6-aa22-8eda98647ef7,KXU3-25AUG-T4.4,10,2025-08-31T13:46:26.001905Z,4,96,no
200,3da86bb1-5704-4c82-9696-5e85e1f2c07d,KXU3-25AUG-T4.4,4,2025-08-31T12:07:57.33233Z,5,95,yes
201,edfbc993-9d72-44ba-8b67-c44702c950b8,KXU3-25AUG-T4.4,53,2025-08-31T01:53:04.644898Z,6,94,yes
202,2ef5d28d-d90b-4b6c-97ab-8ca2dcb7dbde,KXU3-25AUG-T4.4,1,2025-08-31T00:51:21.155041Z,3,97,no
203,7a4b72d3-2f70-4d57-81a9-d28e372bf8a9,KXU3-25AUG-T4.4,1,2025-08-31T00:25:20.26178Z,6,94,yes
204,0ab4b28a-6423-4b1c-90ae-59d2a528b7c1,KXU3-25AUG-T4.4,153,2025-08-30T19:28:29.051435Z,6,94,yes
205,13cfe7f1-b6b0-4897-a901-a25ad4e0c444,KXU3-25AUG-T4.4,76,2025-08-30T12:26:57.617548Z,3,97,yes
206,899a14ca-8e52-4b70-a560-795bc38fcae0,KXU3-25AUG-T4.4,99,2025-08-30T06:58:55.909984Z,3,97,no
207,580d3310-880c-4bba-ac20-95ac0aa74ff1,KXU3-25AUG-T4.4,25,2025-08-30T06:58:55.909984Z,3,97,no
208,ef332d3b-f154-4896-adfd-a231ec4f3e43,KXU3-25AUG-T4.4,1549,2025-08-30T03:16:07.535561Z,7,93,yes
209,ddc9341e-b5f7-4ff7-9563-7971d49bc8a1,KXU3-25AUG-T4.4,300,2025-08-30T03:16:07.535561Z,6,94,yes
210,c102b64d-cca5-4a8b-90a4-33b676e2bfee,KXU3-25AUG-T4.4,1000,2025-08-30T03:16:07.535561Z,6,94,yes
211,88909031-c4aa-4f97-994c-21e085622d9b,KXU3-25AUG-T4.4,100,2025-08-30T03:16:07.535561Z,5,95,yes
212,37641623-a360-4004-9d54-434ae2ee1208,KXU3-25AUG-T4.4,51,2025-08-30T03:16:07.535561Z,5,95,yes
213,965ea5a4-44a7-4765-b7f6-00733615ccb8,KXU3-25AUG-T4.4,50,2025-08-29T19:29:34.993623Z,5,95,yes
214,7b29d48d-1981-4c66-b6b3-e0b62c5c2e9f,KXU3-25AUG-T4.4,3,2025-08-28T19:49:48.154947Z,5,95,yes
215,76f7867a-14a4-4ac8-8841-fa4370c0ac15,KXU3-25AUG-T4.4,48,2025-08-28T19:49:48.154947Z,5,95,yes
216,54476722-d3cd-4014-8c63-0fd6c382d637,KXU3-25AUG-T4.4,71,2025-08-28T19:49:48.154947Z,5,95,yes
217,dc5cfe04-b7d0-4ba9-84ea-c3d10760bdba,KXU3-25AUG-T4.4,25,2025-08-28T18:46:15.961021Z,5,95,yes
218,43f44e99-ae9c-42f1-8485-774d8009b103,KXU3-25AUG-T4.4,1,2025-08-28T18:08:12.676191Z,4,96,yes
219,e87888e5-8588-480b-a65b-3c8a08997471,KXU3-25AUG-T4.4,14,2025-08-27T19:11:20.434857Z,5,95,yes
220,49e258c4-e992-41a6-8898-ab3fc5d7710a,KXU3-25AUG-T4.4,100,2025-08-26T20:43:45.151928Z,5,95,yes
221,306be581-a56a-4246-954a-ee483956fe9b,KXU3-25AUG-T4.4,86,2025-08-26T20:43:32.444279Z,5,95,yes
222,a4efeec2-6a4e-4467-a9e2-97fffe34a544,KXU3-25AUG-T4.4,14,2025-08-26T20:29:52.344218Z,4,96,yes
223,5f84bd44-6a8d-4d42-b521-e7613a6f2011,KXU3-25AUG-T4.4,918,2025-08-26T18:09:18.66414Z,5,95,yes
224,3dbdbbe4-244e-4987-83fb-daa98ecb3e39,KXU3-25AUG-T4.4,100,2025-08-26T18:05:52.948537Z,5,95,yes
225,998004a6-5a1c-4b73-b0fd-b4a174b012a9,KXU3-25AUG-T4.4,50,2025-08-26T15:30:58.531313Z,5,95,yes
226,b4dbb25e-074c-4b38-bfd7-e0759ab213a9,KXU3-25AUG-T4.4,21,2025-08-26T15:18:06.58392Z,5,95,yes
227,a3b90c0f-cf81-4586-848e-a910995e4b99,KXU3-25AUG-T4.4,121,2025-08-26T15:18:06.58392Z,5,95,yes
228,f2f73895-c7d8-4301-b436-cc42074a8304,KXU3-25AUG-T4.4,10,2025-08-26T13:52:09.824971Z,5,95,yes
229,3d853e88-feb4-4551-9b33-998ac7179615,KXU3-25AUG-T4.4,20,2025-08-25T18:04:51.376527Z,5,95,yes
230,2b2cca4d-e10c-486b-bbcf-96fa8b43afd3,KXU3-25AUG-T4.4,35,2025-08-24T23:02:51.604009Z,5,95,yes
231,d35bdd4a-13a6-45cc-8a9b-fcf87f9f8841,KXU3-25AUG-T4.4,100,2025-08-24T20:34:27.981068Z,5,95,yes
232,14b000eb-1477-4fba-9288-7bc9d59acbf0,KXU3-25AUG-T4.4,300,2025-08-23T14:19:36.742377Z,3,97,no
233,a099a6b4-33c3-4505-a371-cd1a7ac6b19f,KXU3-25AUG-T4.4,3,2025-08-22T21:54:31.401597Z,5,95,yes
234,1e965cf3-637a-4099-b367-58921602a63d,KXU3-25AUG-T4.4,1200,2025-08-22T18:00:22.755389Z,5,95,yes
235,d577c426-f580-468f-bffb-456c26df59a4,KXU3-25AUG-T4.4,100,2025-08-22T15:02:35.826943Z,5,95,yes
236,ed8f40bc-71bd-46a2-8714-8c22c451895a,KXU3-25AUG-T4.4,1,2025-08-22T02:59:21.234847Z,5,95,yes
237,a04015f5-5b02-4947-89c0-a82ffc56357b,KXU3-25AUG-T4.4,10,2025-08-22T01:55:35.971351Z,5,95,yes
238,b5812d10-ce27-4a52-b29f-741e8b724881,KXU3-25AUG-T4.4,1,2025-08-22T01:33:44.062494Z,5,95,yes
239,8938a581-22ce-4028-97ee-98b98a2f7068,KXU3-25AUG-T4.4,10,2025-08-21T22:48:34.346187Z,5,95,yes
240,4da66e3b-320f-42ee-9dc5-4a53e929a764,KXU3-25AUG-T4.4,1,2025-08-21T20:21:37.264881Z,5,95,yes
241,3ff7f924-0699-4e68-8ad7-7b443984c618,KXU3-25AUG-T4.4,70,2025-08-21T15:50:54.305781Z,5,95,yes
242,2fb304d7-c8ed-45da-b163-c7ec768f1527,KXU3-25AUG-T4.4,30,2025-08-21T15:50:54.305781Z,5,95,yes
243,65a0be13-8a97-4118-a96d-d1eee4c5fdc1,KXU3-25AUG-T4.4,1000,2025-08-21T05:48:59.099665Z,3,97,no
244,54cac0a8-dda2-45fc-b37d-0e62af122b77,KXU3-25AUG-T4.4,500,2025-08-21T05:48:59.099665Z,3,97,no
245,948d6ae8-c404-4d05-8a62-613302996fb4,KXU3-25AUG-T4.4,30,2025-08-20T16:35:29.113091Z,5,95,yes
246,118f9bd3-f597-47ab-9807-c990a5e04c32,KXU3-25AUG-T4.4,170,2025-08-20T16:35:29.113091Z,5,95,yes
247,a5af7fda-9b9e-4f00-a85b-4911284fd7e5,KXU3-25AUG-T4.4,100,2025-08-20T16:17:45.519877Z,5,95,yes
248,dfc42f2f-b4e6-4e3d-b2f1-ce2e8e001b75,KXU3-25AUG-T4.4,50,2025-08-20T02:22:32.314264Z,5,95,yes
249,273fde91-4aad-4113-870f-085ae44907a8,KXU3-25AUG-T4.4,5,2025-08-19T23:20:35.617981Z,5,95,yes
250,39776548-0004-426d-a25c-5511114903b8,KXU3-25AUG-T4.4,7,2025-08-19T20:57:22.915322Z,5,95,yes
251,b48d1ad8-f2cd-41e1-8e3c-b0737def1864,KXU3-25AUG-T4.4,140,2025-08-19T16:05:38.193525Z,5,95,yes
252,97e1d446-8ce1-49c6-80ef-0bbd9c66a8c3,KXU3-25AUG-T4.4,85,2025-08-19T04:26:59.646007Z,5,95,yes
253,da983308-142b-4edf-896b-799e1e071d58,KXU3-25AUG-T4.4,1000,2025-08-18T19:36:33.105638Z,5,95,yes
254,d6442684-29c4-4150-9105-8f7cecc08d7f,KXU3-25AUG-T4.4,835,2025-08-18T15:22:20.961565Z,5,95,yes
255,d4c3fcd5-1591-48b9-a253-0f70da01a7a8,KXU3-25AUG-T4.4,899,2025-08-18T15:22:20.961565Z,5,95,yes
256,b953e4a4-9d36-46ab-a6e2-12a80dff62b0,KXU3-25AUG-T4.4,266,2025-08-18T15:22:20.961565Z,5,95,yes
257,e6f2b224-8b30-4e65-bbaf-e6ee555bcc9b,KXU3-25AUG-T4.4,218,2025-08-18T15:21:51.606781Z,4,96,yes
258,22a125a9-7cb6-40b4-a66c-2d8f253e2452,KXU3-25AUG-T4.4,750,2025-08-18T15:21:51.606781Z,4,96,yes
259,7d5c318e-f55f-4448-9652-12f9cf9bbc5f,KXU3-25AUG-T4.4,250,2025-08-18T15:06:54.782037Z,4,96,yes
260,ec272e3e-95bf-4fa4-b97e-2f08959ae583,KXU3-25AUG-T4.4,1,2025-08-18T14:45:39.75407Z,4,96,yes
261,b5d34f2b-faec-414f-8520-f47db8f7448b,KXU3-25AUG-T4.4,601,2025-08-18T13:54:36.795717Z,2,98,no
262,624ddc74-c6d4-48a1-9d9b-1e61aded3d87,KXU3-25AUG-T4.4,1899,2025-08-18T13:54:36.795717Z,2,98,no
263,fa116df9-14f2-4076-9574-db2bc35117a5,KXU3-25AUG-T4.4,100,2025-08-18T06:20:18.477859Z,5,95,yes
264,f737008a-0f3e-4e48-8fbc-a31ca380b975,KXU3-25AUG-T4.4,1,2025-08-17T21:06:34.265106Z,5,95,yes
265,b000d968-0797-4478-9825-5191551dcd67,KXU3-25AUG-T4.4,205,2025-08-17T19:41:57.177219Z,5,95,yes
266,43eb6f47-5ed3-4aaf-ba9e-f7babcbba137,KXU3-25AUG-T4.4,295,2025-08-17T19:41:39.975685Z,4,96,yes
267,8c2241ad-9a1f-43a6-bfa1-21234f08d1aa,KXU3-25AUG-T4.4,91,2025-08-17T17:49:28.464296Z,4,96,yes
268,3bf0f540-2485-4768-9361-5207c4d5de5a,KXU3-25AUG-T4.4,409,2025-08-17T17:49:28.464296Z,4,96,yes
269,96d613db-7b71-4333-a20e-6d6a4004b3d0,KXU3-25AUG-T4.4,100,2025-08-17T04:41:22.440711Z,4,96,yes
270,b302d773-1e0e-4f92-9896-e820f75504ea,KXU3-25AUG-T4.4,20,2025-08-17T04:24:16.42926Z,4,96,yes
271,2c51a424-0675-499a-b1cf-13b31beb10fd,KXU3-25AUG-T4.4,101,2025-08-16T09:24:07.02403Z,2,98,no
272,44af5881-6bc7-41fd-9317-36c9e61d5183,KXU3-25AUG-T4.4,20,2025-08-16T06:21:02.031667Z,4,96,yes
273,4b5febe3-01c5-4c0c-aaab-6d48ca18d3d0,KXU3-25AUG-T4.4,3,2025-08-16T00:58:04.939114Z,4,96,yes
274,2e972cf6-9ab1-4f7d-aa55-33fdc1c0eebe,KXU3-25AUG-T4.4,9,2025-08-15T21:52:46.765389Z,4,96,yes
275,0a25accb-5dc1-4e13-a125-75701869c0aa,KXU3-25AUG-T4.4,16,2025-08-15T21:52:46.765389Z,4,96,yes
276,75c840aa-72bb-420f-ae6a-1b6ba552296a,KXU3-25AUG-T4.4,1,2025-08-15T18:15:11.473939Z,4,96,yes
277,8c1b7b7a-7f62-4249-9c7e-dea760d31dcd,KXU3-25AUG-T4.4,250,2025-08-15T01:06:01.459092Z,3,97,no
278,ff976be4-8bdd-4a57-9940-a55f42b91a18,KXU3-25AUG-T4.4,10,2025-08-15T00:05:26.803794Z,3,97,no
279,70620bee-5cc3-4164-b4dd-7ab8c2d34ecf,KXU3-25AUG-T4.4,1,2025-08-14T23:34:40.147992Z,5,95,yes
280,f53257f2-7a0e-4e1e-9d66-9cbdce2938a6,KXU3-25AUG-T4.4,5,2025-08-14T23:02:31.925474Z,5,95,yes
281,652b3831-0404-4b08-8e5b-8699cb6949f1,KXU3-25AUG-T4.4,15,2025-08-14T22:31:22.29541Z,4,96,yes
282,2622eda1-6685-4ae8-bacb-9f447981a371,KXU3-25AUG-T4.4,255,2025-08-14T19:16:13.364654Z,5,95,yes
283,5c177454-c338-48b0-94bf-f7650a8a6ad3,KXU3-25AUG-T4.4,355,2025-08-14T17:25:01.564677Z,4,96,yes
284,8a3ba90f-ba72-453c-80b2-522a7ebbd834,KXU3-25AUG-T4.4,1,2025-08-14T15:41:57.879985Z,5,95,yes
285,8e68776c-ad27-41eb-99fb-5b162a599527,KXU3-25AUG-T4.4,100,2025-08-14T14:36:09.432529Z,5,95,yes
286,f28d2d44-09ba-4138-9521-8bb6f047170d,KXU3-25AUG-T4.4,40,2025-08-14T14:01:31.602123Z,5,95,yes
287,425817f5-ac61-4779-9de3-0e74f2abb878,KXU3-25AUG-T4.4,20,2025-08-14T13:39:39.118172Z,4,96,yes
288,3bcca2ae-9f86-468e-a5da-af408cb6d0b2,KXU3-25AUG-T4.4,10,2025-08-14T13:39:39.118172Z,4,96,yes
289,ec3c2085-5899-498f-9ae7-0aa7276fbfd4,KXU3-25AUG-T4.4,17,2025-08-14T12:28:31.530639Z,4,96,yes
290,3f43f9da-7392-47d2-85f1-e6ba4c70937a,KXU3-25AUG-T4.4,150,2025-08-14T12:28:31.530639Z,4,96,yes
291,37d180ac-55b5-49f6-a66d-09c5e9aca0cb,KXU3-25AUG-T4.4,27,2025-08-14T12:28:31.530639Z,4,96,yes
292,e524302e-cc46-41e0-af3e-1132eba8b6fc,KXU3-25AUG-T4.4,17,2025-08-14T04:15:21.691456Z,3,97,no
293,cbc86417-8d2b-4dd1-ac2e-a9a673cd97b0,KXU3-25AUG-T4.4,10,2025-08-13T18:59:51.987496Z,4,96,yes
294,591cd1e1-0a47-4f98-8d61-1c96c62dc322,KXU3-25AUG-T4.4,100,2025-08-13T18:13:13.400315Z,4,96,yes
295,07d84c46-d36d-4e31-83aa-033e489c8c0c,KXU3-25AUG-T4.4,100,2025-08-13T18:13:13.400315Z,4,96,yes
296,7d00a432-833c-4568-acc1-3e13fa431084,KXU3-25AUG-T4.4,5,2025-08-13T17:34:21.578561Z,4,96,yes
297,0e5239ec-bfb4-4a15-ae03-2f444c17423b,KXU3-25AUG-T4.4,1,2025-08-13T16:53:54.613848Z,4,96,yes
298,e1c76f54-cb05-4c5a-817d-73cc5271d224,KXU3-25AUG-T4.4,28,2025-08-13T16:19:29.129731Z,2,98,no
299,2d62bf0d-0dc8-4a8d-ade6-7312974473a4,KXU3-25AUG-T4.4,1000,2025-08-13T16:19:29.129731Z,3,97,no
300,e7218cd1-85ee-4272-b16f-666a270425d0,KXU3-25AUG-T4.4,28,2025-08-13T16:19:17.858809Z,2,98,no
301,d86ba5cf-eb91-4033-975a-9c2711d53b04,KXU3-25AUG-T4.4,1000,2025-08-13T16:19:17.858809Z,3,97,no
302,7f2d33ba-8853-4790-8f09-011bfcd7ddb8,KXU3-25AUG-T4.4,1000,2025-08-13T16:19:05.539331Z,3,97,no
303,51ceb07f-d39a-4b19-a5c2-e39da2c8a72f,KXU3-25AUG-T4.4,28,2025-08-13T16:19:05.539331Z,2,98,no
304,d17c24d7-5b2e-4d54-ac30-bf7961dc03a7,KXU3-25AUG-T4.4,260,2025-08-13T16:18:49.092988Z,3,97,no
305,c4225285-1e2a-41dd-81ff-63d1c1c72485,KXU3-25AUG-T4.4,266,2025-08-13T16:18:49.092988Z,2,98,no
306,027709f2-c310-4b19-b469-df2c715a9fe8,KXU3-25AUG-T4.4,500,2025-08-13T16:18:49.092988Z,3,97,no
307,c7c4879e-4a68-4e03-9d5a-64bc8bc1a22f,KXU3-25AUG-T4.4,25,2025-08-13T15:15:18.159555Z,5,95,yes
308,509afb6b-78f8-4b08-9fff-19a3c62cc279,KXU3-25AUG-T4.4,1,2025-08-13T14:43:22.596043Z,5,95,yes
309,c090c535-6c2a-43c0-8b6c-b2bb4a18d6cf,KXU3-25AUG-T4.4,499,2025-08-13T14:19:57.732085Z,4,96,yes
310,166f94f5-87f7-4105-9f55-65c825adee0b,KXU3-25AUG-T4.4,100,2025-08-13T14:16:54.544877Z,4,96,yes
311,e39b13e4-d823-485c-945a-96445165fe1b,KXU3-25AUG-T4.4,131,2025-08-13T14:16:36.040158Z,4,96,yes
312,dbfec85e-14f2-4813-bf96-a30d5912c109,KXU3-25AUG-T4.4,28,2025-08-13T14:16:36.040158Z,4,96,yes
313,f191dc3a-994b-4ac1-9e7c-744b3d43a1c7,KXU3-25AUG-T4.4,526,2025-08-13T12:38:46.611173Z,4,96,yes
314,982ec2ae-8476-4f8d-82f0-28d4ae41931a,KXU3-25AUG-T4.4,51,2025-08-13T12:38:46.611173Z,4,96,yes
315,3902b6f1-4ce9-4d59-be22-d53ec70223e2,KXU3-25AUG-T4.4,423,2025-08-13T12:38:46.611173Z,4,96,yes
316,024b028e-18ee-4aa9-b02d-8307907b2955,KXU3-25AUG-T4.4,57,2025-08-13T04:43:08.087969Z,4,96,yes
317,69bb0623-6430-4d77-88ff-9c125c560526,KXU3-25AUG-T4.4,10,2025-08-13T03:07:06.530811Z,4,96,yes
318,850d99c4-393d-4ad5-b18e-9cacf498454b,KXU3-25AUG-T4.4,10,2025-08-13T02:44:35.523162Z,4,96,yes
319,36b52658-b6bb-42ce-bd45-945a26d39580,KXU3-25AUG-T4.4,500,2025-08-13T00:15:23.470015Z,4,96,yes
320,9794722d-b7be-43a1-bb89-cb5f04086e39,KXU3-25AUG-T4.4,100,2025-08-12T21:12:03.286552Z,4,96,yes
321,9d66b291-cd67-44d6-948f-2a4b2cfef5b8,KXU3-25AUG-T4.4,26,2025-08-12T20:41:47.142692Z,2,98,no
322,61019a7a-71a4-4099-9f39-3620a06ce3b2,KXU3-25AUG-T4.4,1000,2025-08-12T20:40:44.131908Z,3,97,no
323,21e81a69-018a-4593-81bc-79aaba91f6fa,KXU3-25AUG-T4.4,28,2025-08-12T20:40:44.131908Z,2,98,no
324,edf64330-d61f-4558-bf18-80c8d791fe49,KXU3-25AUG-T4.4,100,2025-08-12T15:39:11.648551Z,4,96,yes
325,5806bab4-42b6-41f6-b62c-e928995657fb,KXU3-25AUG-T4.4,10189,2025-08-12T13:23:06.707045Z,2,98,no
326,266c4846-0e4e-4272-80bf-d3e324103ab3,KXU3-25AUG-T4.4,10189,2025-08-12T13:22:40.301697Z,2,98,no
327,cd69261c-f513-4c77-ad41-2754eb424526,KXU3-25AUG-T4.4,499,2025-08-12T13:10:01.15905Z,2,98,no
328,3bcfa3d1-874a-4e0f-b65a-f3a6f4f48de2,KXU3-25AUG-T4.4,10,2025-08-12T13:10:01.15905Z,2,98,no
329,f92639d1-0290-4c5f-afb6-456bafd4d33c,KXU3-25AUG-T4.4,13,2025-08-12T13:09:33.518188Z,4,96,no
330,3811857b-d613-442b-8e8b-615e5a34da65,KXU3-25AUG-T4.4,587,2025-08-12T13:09:33.518188Z,2,98,no
331,02384d22-ff95-4e31-b302-8a1892f28938,KXU3-25AUG-T4.4,427,2025-08-12T13:09:33.518188Z,4,96,no
332,e811c80b-65b9-4224-b871-be9f6e8f45f7,KXU3-25AUG-T4.4,200,2025-08-12T12:56:34.826064Z,4,96,no
333,19159f58-9296-400d-a5c0-b4bc412c6b91,KXU3-25AUG-T4.4,573,2025-08-12T12:56:34.826064Z,4,96,no
334,7223bebc-1b61-485c-83b0-18148a64c56b,KXU3-25AUG-T4.4,3,2025-08-11T17:51:45.739893Z,6,94,yes
335,65f1181f-1022-44ca-91f4-e3343bb16627,KXU3-25AUG-T4.4,38,2025-08-11T17:51:45.739893Z,6,94,yes
336,e8f391dd-1b00-4b33-8584-90be656eeede,KXU3-25AUG-T4.4,100,2025-08-11T17:51:27.567861Z,6,94,yes
337,372576ed-0b34-4c89-ba6d-d270e1541f5b,KXU3-25AUG-T4.4,100,2025-08-11T17:50:24.97165Z,6,94,yes
338,a61e6231-e055-46ab-a78f-e8b6f7382c96,KXU3-25AUG-T4.4,65,2025-08-11T13:24:36.27994Z,6,94,yes
339,1e9b9bc1-306c-431b-8318-f01453f21ad9,KXU3-25AUG-T4.4,3,2025-08-11T02:41:50.895761Z,5,95,no
340,5d95a386-8302-4c51-8131-f6f32acd51d7,KXU3-25AUG-T4.4,450,2025-08-11T00:12:03.580199Z,6,94,no
341,7334b7dc-c904-4187-a9c7-12162bada1d5,KXU3-25AUG-T4.4,34,2025-08-10T23:11:43.15735Z,6,94,no
342,4493e54a-0c21-4d2d-a30f-9f25180b69b8,KXU3-25AUG-T4.4,1,2025-08-10T17:55:14.187571Z,9,91,yes
343,e396193e-6c09-437d-b119-7b91b073dec1,KXU3-25AUG-T4.4,34,2025-08-10T05:06:55.437467Z,9,91,yes
344,01876cbc-b78b-42b4-9492-995329c649c7,KXU3-25AUG-T4.4,366,2025-08-10T05:06:55.437467Z,9,91,yes
345,0ff18441-fda9-47bf-8023-4717fb4d6998,KXU3-25AUG-T4.4,84,2025-08-10T03:41:01.871524Z,8,92,yes
346,0a19208a-dc1d-426a-9d1d-467593c1bcf5,KXU3-25AUG-T4.4,3,2025-08-10T03:41:01.871524Z,8,92,yes
347,a232cd75-b20b-4cd3-99b4-c5b7c8dbe512,KXU3-25AUG-T4.4,9,2025-08-10T00:26:09.660238Z,8,92,yes
348,667f583f-4255-427a-8667-90cfcda695ce,KXU3-25AUG-T4.4,1,2025-08-10T00:26:09.660238Z,8,92,yes
349,9f5bcbb1-1d41-4dc7-b8a2-014ca82fcba6,KXU3-25AUG-T4.4,1,2025-08-09T20:24:22.330134Z,6,94,no
350,a19c780b-ed70-4106-a353-50222327fc5e,KXU3-25AUG-T4.4,3,2025-08-09T19:03:28.132245Z,6,94,no
351,305b8945-d346-4f30-a671-00b29390cc3c,KXU3-25AUG-T4.4,27,2025-08-09T01:01:33.07773Z,8,92,yes
352,24ea7327-1c94-426a-b44f-256f671ee1ce,KXU3-25AUG-T4.4,100,2025-08-08T22:47:04.304263Z,9,91,yes
353,020667db-c180-4a97-9581-358540fc9339,KXU3-25AUG-T4.4,1,2025-08-08T19:46:15.210018Z,8,92,yes
354,36832012-8ad6-425b-a850-6413823be1ea,KXU3-25AUG-T4.4,100,2025-08-08T18:43:10.879618Z,8,92,yes
355,dbb0a8a6-d48b-48ad-a09f-22919dc4de5a,KXU3-25AUG-T4.4,1000,2025-08-08T17:10:53.597084Z,8,92,yes
356,015df199-4602-4c19-96d2-6ea587abf158,KXU3-25AUG-T4.4,25,2025-08-08T17:06:15.537314Z,8,92,yes
357,1e4ca3fc-b239-40f9-a7da-21b8d664eac7,KXU3-25AUG-T4.4,300,2025-08-08T16:17:36.886549Z,8,92,yes
358,e14cd601-36eb-4648-9311-b3c1825f52b3,KXU3-25AUG-T4.4,16,2025-08-08T13:47:35.344561Z,8,92,yes
359,55afda70-f27f-4b6a-9f19-e81d631d8706,KXU3-25AUG-T4.4,10,2025-08-08T13:47:35.344561Z,8,92,yes
360,df0ca7b3-4768-4fa1-8acc-6c6b81a92aa7,KXU3-25AUG-T4.4,10,2025-08-08T12:08:24.591156Z,5,95,no
361,c1bb9e4d-501d-4ce5-a292-3d6ccb1e4215,KXU3-25AUG-T4.4,9,2025-08-07T23:41:36.030138Z,8,92,yes
362,fd39a3d9-8bc5-4bca-9617-0445eeae7bc7,KXU3-25AUG-T4.4,50,2025-08-07T22:44:30.809874Z,8,92,yes
363,cdfd4a75-d0db-4616-b078-36513582a598,KXU3-25AUG-T4.4,403,2025-08-07T19:38:15.187785Z,8,92,yes
364,66be8313-1385-4777-8ae3-981f1b0c8ed8,KXU3-25AUG-T4.4,30,2025-08-07T19:38:15.187785Z,8,92,yes
365,14066ab5-4790-4e01-909b-cfa9e195b224,KXU3-25AUG-T4.4,1000,2025-08-07T19:38:15.187785Z,8,92,yes
366,751fe8dc-0e92-4627-800a-aed0118fe79a,KXU3-25AUG-T4.4,311,2025-08-06T23:46:55.080643Z,7,93,yes
367,01658a7a-982b-4a13-a97b-608c74d316cc,KXU3-25AUG-T4.4,99,2025-08-06T23:46:55.080643Z,7,93,yes
368,c4cc4b34-ec02-4752-8be9-5f969f6c3d54,KXU3-25AUG-T4.4,71,2025-08-06T19:33:57.309326Z,5,95,no
369,27f31ada-f266-453a-8e80-093f266f5414,KXU3-25AUG-T4.4,241,2025-08-06T19:33:57.309326Z,5,95,no
370,604ad65b-31eb-494f-88c6-0c367233e9fb,KXU3-25AUG-T4.4,5,2025-08-06T17:57:31.975545Z,7,93,yes
371,3d653a53-40fe-4f49-919a-ab8bf34d54d5,KXU3-25AUG-T4.4,10,2025-08-06T15:17:50.187543Z,7,93,yes
372,8e21ed51-5dc9-463d-9358-4f73e0210ce9,KXU3-25AUG-T4.4,6,2025-08-06T15:09:08.498018Z,5,95,no
373,38a3c809-d7cd-4b7a-a36b-6ddc1dbe1fdf,KXU3-25AUG-T4.4,2,2025-08-06T03:19:32.932004Z,7,93,yes
374,ff8f8166-2f6d-40f9-9913-8c089f7e434e,KXU3-25AUG-T4.4,58,2025-08-06T01:11:03.288192Z,5,95,no
375,9e8127ba-db26-4ed7-a881-0a078e8cb445,KXU3-25AUG-T4.4,17,2025-08-06T01:11:03.288192Z,5,95,no
376,2d6af66b-3d8f-4b8d-abbf-ac4d507003fa,KXU3-25AUG-T4.4,25,2025-08-06T01:11:03.288192Z,5,95,no
377,c79ecf69-3d71-41bb-92ac-aea53102970f,KXU3-25AUG-T4.4,82,2025-08-05T23:39:41.881459Z,7,93,yes
378,99eeae9b-d44f-406c-920c-d165edad2baa,KXU3-25AUG-T4.4,8,2025-08-05T23:39:41.881459Z,7,93,yes
379,0e4f90d1-2725-4a21-8e71-62a263911233,KXU3-25AUG-T4.4,88,2025-08-05T23:39:41.881459Z,7,93,yes
380,716bcadd-32db-411a-b730-3e19fe2efe9d,KXU3-25AUG-T4.4,88,2025-08-05T19:59:56.057115Z,5,95,no
381,5726d287-0e34-492b-a67c-f343fd63c679,KXU3-25AUG-T4.4,5,2025-08-05T16:14:43.830025Z,7,93,yes
382,fed009f7-c089-4b48-93e1-dad7b0a855c1,KXU3-25AUG-T4.4,12,2025-08-05T15:48:19.052774Z,7,93,yes
383,8424577a-de32-402e-a327-d7c6d5d4e430,KXU3-25AUG-T4.4,99,2025-08-05T12:26:13.079042Z,5,95,no
384,8ca980e7-d7ca-432b-8b23-2a4c7d733ec4,KXU3-25AUG-T4.4,30,2025-08-05T05:16:44.823469Z,8,92,yes
385,7154f314-4bae-46b9-b78c-1d578600d7df,KXU3-25AUG-T4.4,67,2025-08-05T03:39:54.19755Z,8,92,yes
386,3fb2f019-bf11-471c-b7b8-f2104b85b954,KXU3-25AUG-T4.4,162,2025-08-05T03:39:54.19755Z,8,92,yes
387,82425174-506a-4d48-a717-fbfdc8f59dae,KXU3-25AUG-T4.4,32,2025-08-05T03:08:32.962688Z,7,93,yes
388,a3c6985a-9da3-43cb-802e-adda20aea3ad,KXU3-25AUG-T4.4,1,2025-08-05T02:06:12.099015Z,7,93,yes
389,d066cb25-7885-4f48-bd5c-4d1ed3d842b0,KXU3-25AUG-T4.4,6,2025-08-04T22:54:59.083438Z,7,93,yes
390,bd9c04bc-d6bc-4ced-9cb8-630748d92973,KXU3-25AUG-T4.4,80,2025-08-04T22:54:59.083438Z,7,93,yes
391,b1456e8d-a745-4b8d-af57-44ddb6c8ae17,KXU3-25AUG-T4.4,62,2025-08-04T22:54:59.083438Z,7,93,yes
392,78ee587d-5a18-40ed-b6d7-2c2ae478dcce,KXU3-25AUG-T4.4,42,2025-08-04T22:54:59.083438Z,7,93,yes
393,378cc58f-d62f-4bc5-a382-680ae5045424,KXU3-25AUG-T4.4,89,2025-08-04T22:54:59.083438Z,7,93,yes
394,02399bdb-ceb9-43fb-83e6-7c929cfe14b0,KXU3-25AUG-T4.4,21,2025-08-04T22:54:59.083438Z,7,93,yes
395,f1181f5c-e49d-43be-932a-e552df16d877,KXU3-25AUG-T4.4,12,2025-08-04T22:54:11.81032Z,6,94,yes
396,3a608c17-b253-4f5f-9fd9-28b0aae1579c,KXU3-25AUG-T4.4,40,2025-08-04T19:17:46.94485Z,7,93,yes
397,fc72028c-0a8f-4576-8294-393007f5d180,KXU3-25AUG-T4.4,30,2025-08-04T19:14:21.881724Z,6,94,yes
398,c1cc8673-9d4e-45ff-a43f-8d9a121d7c6f,KXU3-25AUG-T4.4,12,2025-08-04T19:14:21.881724Z,6,94,yes
399,494b2b9a-b83a-41a4-a178-cfa9f06af01a,KXU3-25AUG-T4.4,40,2025-08-04T19:14:21.881724Z,6,94,yes
400,26d0c23f-ba32-4deb-96ac-43bdd301a9a8,KXU3-25AUG-T4.4,2,2025-08-04T19:14:21.881724Z,6,94,yes
401,f8e90e1e-b208-4379-9747-fdd83a3d60fc,KXU3-25AUG-T4.4,25,2025-08-04T17:23:10.030002Z,6,94,yes
402,0a8b3130-9cc4-4160-84cb-7ef5d5b39713,KXU3-25AUG-T4.4,2,2025-08-04T16:58:18.489527Z,4,96,no
403,ce026b12-e396-4826-bf3b-e6d98e9617da,KXU3-25AUG-T4.4,149,2025-08-04T14:34:43.34149Z,3,97,no
404,724993c9-c96e-4ce7-b818-4bf6467a75fd,KXU3-25AUG-T4.4,1,2025-08-04T14:33:47.282476Z,4,96,no
405,810c8fda-9b0a-4e59-891f-edc5f5524200,KXU3-25AUG-T4.4,259,2025-08-04T14:29:40.658508Z,5,95,yes
406,5bac99f8-bfac-4e61-9d99-1ec2ff5369f7,KXU3-25AUG-T4.4,192,2025-08-04T14:29:40.658508Z,5,95,yes
407,1a864dff-cc33-41c9-a40f-8cc65d5efb49,KXU3-25AUG-T4.4,21,2025-08-04T14:29:40.658508Z,5,95,yes
408,88964606-1130-48a1-a80a-325649acab9c,KXU3-25AUG-T4.4,200,2025-08-04T14:09:56.373423Z,4,96,no
409,c41c089a-fca2-4501-9398-494f5b41f199,KXU3-25AUG-T4.4,1,2025-08-04T06:56:48.93832Z,4,96,no
410,1000891f-cf39-44a7-b5e6-7f0cbdba18f9,KXU3-25AUG-T4.4,3,2025-08-04T01:46:28.81563Z,6,94,yes
411,7297a16f-ec5f-4bb8-a794-1736af0df72b,KXU3-25AUG-T4.4,2,2025-08-04T01:16:55.654239Z,6,94,yes
412,a34d4b54-ce05-4604-b94a-2c2aec770d49,KXU3-25AUG-T4.4,1,2025-08-04T00:50:03.430112Z,5,95,no
413,95151f2a-596b-4ac9-95ad-64d635a39802,KXU3-25AUG-T4.4,9,2025-08-04T00:15:56.92157Z,5,95,no
414,4ed79f3a-bdba-4627-8056-34e69ad5f48b,KXU3-25AUG-T4.4,153,2025-08-04T00:15:56.92157Z,5,95,no
415,e40cb326-546a-49d5-9d60-81c570c02680,KXU3-25AUG-T4.4,1,2025-08-03T22:18:18.630335Z,5,95,no
416,c2860e7b-a78c-41b1-bba2-9b11748d67df,KXU3-25AUG-T4.4,38,2025-08-03T18:28:39.933466Z,8,92,yes
417,eb337e8c-014d-40dc-bd59-2c7d5da7f00c,KXU3-25AUG-T4.4,8,2025-08-03T18:07:59.910442Z,7,93,yes
418,e5da2a64-c25f-4941-b5c2-888581c09df9,KXU3-25AUG-T4.4,31,2025-08-03T18:07:59.910442Z,7,93,yes
419,0a77c448-66ac-4f4e-89c6-06ae2a8bf9d8,KXU3-25AUG-T4.4,4,2025-08-03T18:07:59.910442Z,7,93,yes
420,48d39bfa-920c-440c-a7d5-78135ddc4be8,KXU3-25AUG-T4.4,25,2025-08-03T17:34:55.367741Z,7,93,yes
421,7c068b88-39ef-47eb-bdbb-660a8af1f6b0,KXU3-25AUG-T4.4,2,2025-08-03T16:57:30.32991Z,5,95,no
422,75c4238b-6c7c-4620-9909-f7fc54d82d62,KXU3-25AUG-T4.4,2,2025-08-03T16:56:16.946684Z,5,95,no
423,4eff7aa7-fb4a-4f29-8003-51b454308348,KXU3-25AUG-T4.4,13,2025-08-03T13:18:51.855467Z,7,93,yes
424,b2128d00-e3ed-435e-ae48-bf2071ee7f97,KXU3-25AUG-T4.4,45,2025-08-03T05:11:28.362979Z,7,93,yes
425,4d00ea37-1a65-4e3a-a355-c65074e3ab9b,KXU3-25AUG-T4.4,89,2025-08-03T05:11:28.362979Z,7,93,yes
426,df097b4f-d210-46c8-842e-e09a8776df87,KXU3-25AUG-T4.4,59,2025-08-03T04:23:38.011191Z,6,94,yes
427,45599600-3710-49ea-80bc-13ffca864b33,KXU3-25AUG-T4.4,2,2025-08-03T04:23:38.011191Z,7,93,yes
428,71ac530d-c82b-4ba2-8035-20408b08d719,KXU3-25AUG-T4.4,78,2025-08-03T03:54:48.565439Z,6,94,yes
429,bc43dfc3-58a8-4c25-b1d6-4f2ca8baf723,KXU3-25AUG-T4.4,1,2025-08-03T01:17:57.799094Z,6,94,yes
430,3d330c6a-7296-4f9d-b4f0-a11eea0fb5cb,KXU3-25AUG-T4.4,12,2025-08-02T19:24:31.027418Z,6,94,yes
431,80e166d1-23cb-4217-8437-6e59efba3ab4,KXU3-25AUG-T4.4,40,2025-08-02T18:29:39.674087Z,5,95,yes
432,39b0717f-68f8-4712-a277-8009b912ed3d,KXU3-25AUG-T4.4,7,2025-08-02T17:52:46.529881Z,5,95,yes
433,dea34d44-f337-48ec-b1df-239957a9b363,KXU3-25AUG-T4.4,152,2025-08-02T16:51:02.799846Z,3,97,no
434,e54cd6c6-a512-4706-a596-a304a5636c85,KXU3-25AUG-T4.4,55,2025-08-02T16:08:53.817916Z,4,96,yes
435,f31d0dc0-ed64-4891-b556-cccdcbee8e93,KXU3-25AUG-T4.4,500,2025-08-02T15:21:30.219584Z,4,96,yes
436,630439d8-7d17-4d1b-967a-49cee6e49198,KXU3-25AUG-T4.4,23,2025-08-02T05:30:55.214994Z,4,96,yes
437,cea359fa-00e0-4017-b090-b8bac9065683,KXU3-25AUG-T4.4,1,2025-08-02T03:31:13.302455Z,3,97,no
438,495dca73-17f2-44fd-9d1f-0b5da89e1a5f,KXU3-25AUG-T4.4,260,2025-08-02T03:14:29.334805Z,4,96,yes
439,b8cc0cf2-5e76-4d14-8c2e-c3e76b8cadbd,KXU3-25AUG-T4.4,3,2025-08-02T02:25:33.033174Z,4,96,yes
440,30429e99-0a24-402e-a795-eb9b207132aa,KXU3-25AUG-T4.4,7,2025-08-02T01:31:41.59978Z,4,96,yes
441,9b86abb3-8789-4cad-9368-47f048e1c959,KXU3-25AUG-T4.4,88,2025-08-02T00:03:07.352015Z,7,93,yes
442,ffd81b52-ce1d-4b19-a6c3-40988cc0a54c,KXU3-25AUG-T4.4,50,2025-08-01T23:37:38.730685Z,7,93,yes
443,2189c66c-95b6-43b2-86af-97e5e60a25d8,KXU3-25AUG-T4.4,45,2025-08-01T23:37:09.425937Z,6,94,yes
444,dd7a13ee-93b9-4e53-9a7c-52a2a92cb091,KXU3-25AUG-T4.4,25,2025-08-01T23:36:33.108648Z,5,95,yes
445,62cded0f-30ba-4639-aca6-58f3cc83d316,KXU3-25AUG-T4.4,1,2025-08-01T22:59:54.049988Z,5,95,yes
446,d9d0f987-18ee-4cc3-8b2a-a63f2969e544,KXU3-25AUG-T4.4,30,2025-08-01T20:55:51.106944Z,5,95,yes
447,e3c9527e-12a5-45fa-a08c-c199bcaa94f6,KXU3-25AUG-T4.4,55,2025-08-01T20:42:56.409423Z,4,96,yes
448,996f725b-5813-47e0-88fd-8a091fd11def,KXU3-25AUG-T4.4,5,2025-08-01T18:39:05.641234Z,6,94,yes
449,b0a19102-e9a3-4a38-9382-92e57a00e394,KXU3-25AUG-T4.3,10,2025-09-05T12:28:53.542483Z,14,86,yes
450,5e996ba6-d95e-4b2d-b73c-b0214f29ab9c,KXU3-25AUG-T4.3,17,2025-09-05T12:28:20.719331Z,14,86,yes
451,8328479e-0772-4593-9293-48a970b33814,KXU3-25AUG-T4.3,50,2025-09-05T12:28:13.770424Z,15,85,yes
452,1d4f3e96-6689-4d2d-9450-a3495715ad47,KXU3-25AUG-T4.3,20,2025-09-05T12:26:58.763687Z,15,85,yes
453,1d3d97a7-267d-4c3c-a9c7-04e5d6dafa88,KXU3-25AUG-T4.3,1,2025-09-05T12:23:33.310767Z,15,85,yes
454,042a4ae5-6dca-49ab-b1c8-9705541d1e42,KXU3-25AUG-T4.3,100,2025-09-05T12:21:57.481803Z,11,89,no
455,7bb98816-76e5-40e5-8932-a9347aecf91c,KXU3-25AUG-T4.3,500,2025-09-05T12:15:04.675059Z,14,86,no
456,534d0452-2744-4b0a-97cc-8af9ba1dc645,KXU3-25AUG-T4.3,43,2025-09-05T12:13:23.642384Z,20,80,yes
457,76b8c7e1-b1f8-4f15-a9e0-b994fc31d1bf,KXU3-25AUG-T4.3,6,2025-09-05T12:12:35.349657Z,20,80,yes
458,f684f1a4-8b73-45a5-8892-6525702134bf,KXU3-25AUG-T4.3,4520,2025-09-05T12:11:39.68193Z,15,85,no
459,8bcbc2da-7c69-48cd-9365-ffd8c8a51788,KXU3-25AUG-T4.3,950,2025-09-05T12:09:40.71844Z,16,84,no
460,a3263148-6e32-41f3-8553-7c595c0d1056,KXU3-25AUG-T4.3,2500,2025-09-05T12:08:04.735013Z,15,85,no
461,b603154d-32df-4a40-bc98-330a3ab3c97c,KXU3-25AUG-T4.3,1896,2025-09-05T12:06:30.519426Z,16,84,no
462,b10dddb8-54c6-492f-be55-a7e8a057ebfc,KXU3-25AUG-T4.3,30,2025-09-05T12:06:30.519426Z,16,84,no
463,90b8025e-fd5d-41b3-b3d0-2bf18a5fa478,KXU3-25AUG-T4.3,1500,2025-09-05T12:06:30.519426Z,16,84,no
464,5a4916b8-a196-4f27-bef8-8c5bcc69559e,KXU3-25AUG-T4.3,1000,2025-09-05T12:04:12.538337Z,17,83,no
465,d56ccd8b-e1b7-445f-bef0-91389c23c101,KXU3-25AUG-T4.3,100,2025-09-05T11:55:35.897884Z,21,79,yes
466,f9d3f458-ff31-4000-a1d4-d595c48b2e78,KXU3-25AUG-T4.3,22,2025-09-05T11:51:56.176726Z,21,79,yes
467,cff743c6-f172-492c-84b3-ef34b5eb5f58,KXU3-25AUG-T4.3,47,2025-09-05T10:57:52.108168Z,18,82,yes
468,dadb8c48-f6ca-4dc8-a909-b759e57aa6bf,KXU3-25AUG-T4.3,460,2025-09-05T10:20:01.883708Z,16,84,no
469,139fcf15-a206-48f2-976f-247f135bab47,KXU3-25AUG-T4.3,216,2025-09-05T10:20:01.883708Z,16,84,no
470,6e9482ed-6753-4674-aa9a-7de0b84b85f9,KXU3-25AUG-T4.3,566,2025-09-05T10:15:10.757014Z,21,79,yes
471,16ac7e23-4514-41f4-a221-a9a69e793220,KXU3-25AUG-T4.3,110,2025-09-05T10:15:10.757014Z,21,79,yes
472,34ac4ca0-2e29-47d2-8a06-8bc75d4ca3ae,KXU3-25AUG-T4.3,1000,2025-09-05T05:26:24.240029Z,16,84,no
473,c41cbae4-8ad4-45ac-8b83-413698ad701b,KXU3-25AUG-T4.3,10,2025-09-05T05:13:13.052415Z,16,84,no
474,0aaf6f4f-6483-4b2d-af49-da109cf66c01,KXU3-25AUG-T4.3,50,2025-09-05T05:13:12.114049Z,21,79,yes
475,94a4adc1-5764-4bde-9dee-c2f0d44287ef,KXU3-25AUG-T4.3,200,2025-09-05T05:11:30.896726Z,16,84,no
476,f133e419-4580-4ef9-aa89-1406eec5548c,KXU3-25AUG-T4.3,500,2025-09-05T05:11:02.674671Z,16,84,no
477,3e0c584b-e516-4723-bec8-3809cec6f98f,KXU3-25AUG-T4.3,100,2025-09-05T04:55:11.936943Z,20,80,yes
478,339b36b0-6ab1-4cdc-b87d-511dcfb46427,KXU3-25AUG-T4.3,100,2025-09-05T04:55:05.510782Z,20,80,yes
479,001ddb35-7fd4-4bd3-9dc7-5f90ac52efdd,KXU3-25AUG-T4.3,1589,2025-09-05T04:54:56.463232Z,17,83,no
480,79f42b5d-6608-4fff-b15e-0f1026150e24,KXU3-25AUG-T4.3,2250,2025-09-05T04:29:11.621876Z,17,83,no
481,280ed0fd-0381-4ce7-85c5-38360e937499,KXU3-25AUG-T4.3,1000,2025-09-05T04:29:11.621876Z,17,83,no
482,cdd59812-7d5d-4d90-8935-76f7343a0468,KXU3-25AUG-T4.3,1002,2025-09-05T04:27:24.918298Z,18,82,no
483,2661aad7-1dc4-4d00-9bcc-b1fc5c6fe4a0,KXU3-25AUG-T4.3,3,2025-09-05T04:27:24.918298Z,18,82,no
484,c3f12d0a-3c77-4954-9170-6dbbe8e3cef0,KXU3-25AUG-T4.3,40,2025-09-05T04:22:02.557943Z,21,79,yes
485,d9ce2887-d3dd-4ac9-a2b1-2639a446f225,KXU3-25AUG-T4.3,1193,2025-09-05T04:10:03.500998Z,18,82,no
486,c86d0434-ec34-4ace-9506-22ec0a7c7015,KXU3-25AUG-T4.3,307,2025-09-05T04:10:03.500998Z,18,82,no
487,fe2a983c-800a-441b-98e3-b7585808862f,KXU3-25AUG-T4.3,15,2025-09-05T04:09:59.159487Z,18,82,no
488,44103e73-fc3c-414f-acb5-58cdce9b4004,KXU3-25AUG-T4.3,50,2025-09-05T04:09:34.562567Z,18,82,no
489,340a55e6-f4d5-4257-b90c-0a131e1eb87f,KXU3-25AUG-T4.3,50,2025-09-05T04:09:09.799353Z,18,82,no
490,a5b04612-78b4-4c56-bd2a-ce4d5ce0c1d6,KXU3-25AUG-T4.3,50,2025-09-05T04:08:44.496553Z,18,82,no
491,279da86d-311d-4830-92b2-f5acd4f51936,KXU3-25AUG-T4.3,50,2025-09-05T04:08:18.382473Z,18,82,no
492,652e6ba7-4875-4439-bb67-43c8572bdaa1,KXU3-25AUG-T4.3,50,2025-09-05T04:07:51.170704Z,18,82,no
493,879ff530-4e62-403b-9545-d7e8566d0a66,KXU3-25AUG-T4.3,39,2025-09-05T04:06:56.548486Z,18,82,no
494,2b9352b4-616d-4fbd-9a3e-f591864e4d5c,KXU3-25AUG-T4.3,2500,2025-09-05T04:02:11.872247Z,18,82,no
495,cd497df3-b351-4c99-8358-a79ce63e1bc4,KXU3-25AUG-T4.3,2500,2025-09-05T04:01:56.679709Z,18,82,no
496,18f6d2d3-25fc-4e8f-a043-fa0fb3798751,KXU3-25AUG-T4.3,50,2025-09-05T03:58:47.210709Z,18,82,no
497,6cc39eb4-b6de-4da0-bf92-332b86afa055,KXU3-25AUG-T4.3,50,2025-09-05T03:58:29.29245Z,18,82,no
498,5b42a275-bd8b-46fa-9974-295fdaa45c3e,KXU3-25AUG-T4.3,100,2025-09-05T03:37:49.315206Z,18,82,no
499,27b498d1-b988-4673-8e10-c70bc76573d9,KXU3-25AUG-T4.3,50,2025-09-05T03:37:44.035139Z,18,82,no
500,da7a77f6-02df-4f48-ae76-4b4f8d6eb7db,KXU3-25AUG-T4.3,100,2025-09-05T03:37:38.76964Z,18,82,no
501,7089ed3c-2ff5-4a88-9e3b-379f81d65a96,KXU3-25AUG-T4.3,50,2025-09-05T03:37:19.027056Z,18,82,no
502,7e1612ae-1f56-4256-a03a-55130e00d8c4,KXU3-25AUG-T4.3,50,2025-09-05T03:37:10.193716Z,18,82,no
503,ade4b18b-002f-45be-aa66-e89c946834b0,KXU3-25AUG-T4.3,100,2025-09-05T03:36:35.361728Z,18,82,no
504,9e6aafb3-e1f1-4f0b-96ee-ceb63f6c5824,KXU3-25AUG-T4.3,100,2025-09-05T03:28:39.604806Z,18,82,no
505,7f8f6981-527e-4728-b914-dfc1e5fcf728,KXU3-25AUG-T4.3,100,2025-09-05T02:59:01.987612Z,18,82,no
506,5d16a662-f0a3-4727-9640-48dc4e5a62c3,KXU3-25AUG-T4.3,200,2025-09-05T02:42:37.891117Z,21,79,yes
507,9d4d0827-8a2f-4050-9807-ff852cd634d5,KXU3-25AUG-T4.3,2360,2025-09-05T02:32:02.545669Z,18,82,no
508,feea25ac-ee72-489b-902f-3ae5b8b9b187,KXU3-25AUG-T4.3,1500,2025-09-05T02:23:28.92186Z,19,81,no
509,bc2bb948-9a42-4cf1-968e-9ccf9e1e47ec,KXU3-25AUG-T4.3,100,2025-09-05T02:23:28.92186Z,20,80,no
510,aabed05c-9d17-482a-955c-4aed16166507,KXU3-25AUG-T4.3,434,2025-09-05T02:23:28.92186Z,18,82,no
511,5c04b2b2-644c-4002-b948-0f7b50d6901c,KXU3-25AUG-T4.3,769,2025-09-05T02:23:28.92186Z,19,81,no
512,4c8b3808-8b53-439b-b396-5c7d85923696,KXU3-25AUG-T4.3,25,2025-09-05T02:23:28.92186Z,19,81,no
513,36cb83ba-1ce6-4ea8-b8f7-3398316c3752,KXU3-25AUG-T4.3,25,2025-09-05T02:23:28.92186Z,19,81,no
514,6755dcae-366f-4add-9cbe-abebba6c2d8d,KXU3-25AUG-T4.3,44,2025-09-05T01:59:03.605162Z,21,79,yes
515,0a177368-30bc-4c41-9666-c4a10e18b5be,KXU3-25AUG-T4.3,100,2025-09-05T01:19:25.848952Z,20,80,no
516,5a25adcf-162e-48ac-85d6-9df278d45e53,KXU3-25AUG-T4.3,12,2025-09-05T01:07:19.237633Z,21,79,yes
517,2d266e46-5e61-4ad9-ae13-9bb4025432b5,KXU3-25AUG-T4.3,22,2025-09-05T01:03:39.767785Z,21,79,yes
518,4f559dc9-5a3f-4426-815f-7b79900f34ed,KXU3-25AUG-T4.3,120,2025-09-04T23:21:09.089722Z,19,81,no
519,c523f775-1f54-49d2-b6e0-9bc9317253ab,KXU3-25AUG-T4.3,122,2025-09-04T22:42:26.416863Z,22,78,yes
520,67402d74-b002-4ab2-a74b-597d7ddb7518,KXU3-25AUG-T4.3,46,2025-09-04T22:42:26.416863Z,22,78,yes
521,4b79b39a-dcdc-4e9f-8f85-56c5100bdeca,KXU3-25AUG-T4.3,15,2025-09-04T22:16:07.077803Z,22,78,yes
522,7ffa4cd1-d436-4100-ad98-1edf556ecb6e,KXU3-25AUG-T4.3,21,2025-09-04T21:24:38.742148Z,22,78,yes
523,1f1d571c-0815-48b5-9e59-5bd31f4d4627,KXU3-25AUG-T4.3,180,2025-09-04T21:11:50.271731Z,20,80,no
524,71bf1fef-9a65-4d56-99cf-1604aca5f94b,KXU3-25AUG-T4.3,25,2025-09-04T21:07:29.041907Z,22,78,yes
525,87a7d8fc-6771-4bd7-a4df-b10175e0fb7d,KXU3-25AUG-T4.3,10,2025-09-04T20:47:59.640177Z,20,80,no
526,2bb4e4ff-163f-4977-ac40-b9b302c1c96c,KXU3-25AUG-T4.3,10,2025-09-04T20:47:46.86792Z,20,80,no
527,5e7b9f9c-2e22-4aa1-8ef4-067bdbcb5e5c,KXU3-25AUG-T4.3,10,2025-09-04T20:47:15.992307Z,19,81,no
528,9e5f1dbf-5927-4da1-a664-c284fd193436,KXU3-25AUG-T4.3,10,2025-09-04T20:46:49.595376Z,19,81,no
529,3c0ce181-7eb3-4fde-b7e4-04a699b49d73,KXU3-25AUG-T4.3,10,2025-09-04T20:46:41.765861Z,19,81,no
530,69c4b849-06ce-4bd1-9686-e89f2036c61f,KXU3-25AUG-T4.3,46,2025-09-04T20:45:06.197258Z,19,81,no
531,73e15daf-1a10-42f4-8526-c07eab983175,KXU3-25AUG-T4.3,5,2025-09-04T20:43:19.011855Z,19,81,no
532,0ffb6143-4e28-4a5b-9851-af1b547af8cc,KXU3-25AUG-T4.3,10,2025-09-04T20:17:21.922309Z,19,81,no
533,e6bee9f1-fb09-495f-90a7-0b2fe8f805c9,KXU3-25AUG-T4.3,10,2025-09-04T20:17:07.364744Z,19,81,no
534,8906f5df-c262-44da-afb0-f3a05e4e2c43,KXU3-25AUG-T4.3,10,2025-09-04T20:16:59.512414Z,19,81,no
535,62551f62-f69e-417c-8792-a8a4b0235acc,KXU3-25AUG-T4.3,10,2025-09-04T19:18:30.999996Z,20,80,yes
536,023b3420-1857-481e-9aa6-4099ddd12acf,KXU3-25AUG-T4.3,190,2025-09-04T19:18:30.999996Z,22,78,yes
537,46502c03-449a-4ee3-a58c-bd1965d9706f,KXU3-25AUG-T4.3,1,2025-09-04T19:00:45.283944Z,19,81,yes
538,0b8eebbf-8e5a-44b0-ac17-92bd0b9137c8,KXU3-25AUG-T4.3,201,2025-09-04T18:56:45.5835Z,18,82,no
539,94ac0f98-09dd-4632-ab7f-c3d4bce57af3,KXU3-25AUG-T4.3,236,2025-09-04T18:56:35.911225Z,20,80,yes
540,0218bf94-6502-4a63-859f-477536210298,KXU3-25AUG-T4.3,10,2025-09-04T18:53:43.090672Z,18,82,no
541,d62910be-8c0d-47fc-b383-4fb8afb2a0e3,KXU3-25AUG-T4.3,10,2025-09-04T18:22:58.911518Z,22,78,yes
542,985d90f5-ee52-43ba-ab3e-368fa60ce391,KXU3-25AUG-T4.3,279,2025-09-04T18:13:28.062258Z,22,78,yes
543,734addab-330e-4f2e-839e-0b48e351e2ed,KXU3-25AUG-T4.3,11,2025-09-04T18:13:28.062258Z,21,79,yes
544,02f1d56f-c622-400c-a6d5-34fdb171ce38,KXU3-25AUG-T4.3,1,2025-09-04T17:55:45.812566Z,22,78,yes
545,980f1fb8-41a9-44ba-8ddd-1a3dda090d64,KXU3-25AUG-T4.3,383,2025-09-04T17:54:06.419594Z,21,79,yes
546,10cb356d-9a26-4bfe-a412-46aae1d67deb,KXU3-25AUG-T4.3,17,2025-09-04T17:54:06.419594Z,21,79,yes
547,ba8fa469-18a6-46fd-8b74-9886e67c951a,KXU3-25AUG-T4.3,50,2025-09-04T17:34:40.473435Z,18,82,no
548,629fdb59-8010-43e6-be28-9dcfa604c63f,KXU3-25AUG-T4.3,50,2025-09-04T17:33:01.589412Z,18,82,no
549,fbd2be04-64b5-43d4-9560-b22a2e052d5e,KXU3-25AUG-T4.3,338,2025-09-04T17:20:59.801422Z,18,82,no
550,fb4eeafa-dc0c-4e93-bc29-d6b4ebe8f3fc,KXU3-25AUG-T4.3,1,2025-09-04T15:40:47.975936Z,21,79,yes
551,be95647a-ab61-4e5a-be1f-e731a6a18770,KXU3-25AUG-T4.3,3,2025-09-04T15:29:55.582481Z,21,79,yes
552,fd59656a-2a08-4a66-8955-d6ff4621b146,KXU3-25AUG-T4.3,10,2025-09-04T15:21:09.081127Z,19,81,yes
553,9210610f-8eef-471d-9655-b3f2baccfaa5,KXU3-25AUG-T4.3,10,2025-09-04T15:21:09.081127Z,19,81,yes
554,89758481-55ee-4659-859d-8df2bfb73bc0,KXU3-25AUG-T4.3,72,2025-09-04T15:21:09.081127Z,21,79,yes
555,8c2912a2-5038-41eb-a331-6b4c213da3a3,KXU3-25AUG-T4.3,38,2025-09-04T14:39:35.540137Z,19,81,no
556,7d869260-1a0c-430c-83e6-3c4335ea95f3,KXU3-25AUG-T4.3,20,2025-09-04T14:34:49.047187Z,19,81,no
557,020cfd65-a16a-401b-b0e7-13f1d4205b1e,KXU3-25AUG-T4.3,22,2025-09-04T14:34:44.07372Z,19,81,no
558,c505f18e-5666-4f25-993b-c0d1d7d0866b,KXU3-25AUG-T4.3,40,2025-09-04T14:34:39.301969Z,19,81,no
559,5b18aaac-3ad5-4c12-bd4b-6a26057bdd6f,KXU3-25AUG-T4.3,73,2025-09-04T14:34:39.272636Z,19,81,no
560,0141a9ad-d2e1-433b-a315-b22e4c632d67,KXU3-25AUG-T4.3,27,2025-09-04T14:34:39.269618Z,19,81,no
561,3f79ea2d-ab35-4649-af34-772e67f9df07,KXU3-25AUG-T4.3,27,2025-09-04T14:33:43.136855Z,19,81,no
562,68b5ffdf-e9a5-4bb3-82c0-3aba34a0eab8,KXU3-25AUG-T4.3,19,2025-09-04T14:33:24.298933Z,19,81,no
563,59fa8aee-a44c-4f59-9356-a0bcb7a7c637,KXU3-25AUG-T4.3,30,2025-09-04T14:33:01.077689Z,19,81,no
564,f00f42e3-678f-4f16-9326-df1aaa9edd4b,KXU3-25AUG-T4.3,1,2025-09-04T14:10:11.126044Z,21,79,yes
565,96acf748-1ebf-42bd-9d94-63b85356ec86,KXU3-25AUG-T4.3,5,2025-09-04T14:00:42.672468Z,21,79,yes
566,7426ffc8-8bb0-409f-badf-d606f42b0b09,KXU3-25AUG-T4.3,1,2025-09-04T13:58:18.275305Z,21,79,yes
567,d4d566a7-a0e1-42c2-ab47-06829811033b,KXU3-25AUG-T4.3,98,2025-09-04T12:24:00.543129Z,18,82,no
568,250fc5bb-c6b6-49d8-9f9f-e29ecc7827fa,KXU3-25AUG-T4.3,13,2025-09-04T12:23:25.453904Z,19,81,no
569,78ac9f09-184a-441d-a816-61e4081d68f3,KXU3-25AUG-T4.3,38,2025-09-04T12:17:37.103395Z,19,81,no
570,145e84b7-8eac-40ec-9e2a-5c4eb4acbf68,KXU3-25AUG-T4.3,12,2025-09-04T12:17:37.103395Z,19,81,no
571,491e04b6-89e5-438c-ba87-07e8863287ea,KXU3-25AUG-T4.3,12,2025-09-04T11:26:50.140441Z,19,81,no
572,2d5a2109-28d1-43db-bca5-b6826372de04,KXU3-25AUG-T4.3,50,2025-09-04T06:03:11.209163Z,19,81,no
573,107e723e-3217-4710-8e85-abd6ddf8a7e1,KXU3-25AUG-T4.3,1,2025-09-04T02:03:12.58887Z,21,79,yes
574,9d9e9e4a-7e2c-48b3-82d6-29c5b85c6d92,KXU3-25AUG-T4.3,1,2025-09-04T01:46:32.894182Z,21,79,yes
575,ef8ba95c-fb22-4356-9b99-79ae59ce4433,KXU3-25AUG-T4.3,17,2025-09-04T01:45:52.433488Z,21,79,yes
576,b99f4c77-190d-4aed-8df8-18965f4784e3,KXU3-25AUG-T4.3,8,2025-09-04T01:45:52.433488Z,20,80,yes
577,7aeae68e-dea9-41f6-9056-a3139de0a347,KXU3-25AUG-T4.3,2,2025-09-04T01:33:33.963547Z,20,80,yes
578,6c09ab78-1764-4e54-a1d6-2d4d3c0ab46c,KXU3-25AUG-T4.3,10,2025-09-04T01:10:21.351931Z,20,80,no
579,a499cbb9-9763-4b70-8c4c-e5b1e2346716,KXU3-25AUG-T4.3,50,2025-09-04T01:10:16.421719Z,20,80,yes
580,9c18d6fe-e41e-4941-8c51-51c79ab682e2,KXU3-25AUG-T4.3,995,2025-09-04T00:54:50.579385Z,19,81,no
581,c3467a0b-bc16-42f2-8ff1-5d1d421ef3e0,KXU3-25AUG-T4.3,50,2025-09-03T22:37:55.026537Z,20,80,yes
582,b9ac72dc-27c6-4ef0-bcf9-f1d5756b8837,KXU3-25AUG-T4.3,78,2025-09-03T22:37:55.026537Z,21,79,yes
583,0753b7bd-a751-4b93-a02a-c0713c1c663a,KXU3-25AUG-T4.3,100,2025-09-03T22:37:55.026537Z,20,80,yes
584,ce1d1c09-6c4a-4370-aeef-40a17ffa079a,KXU3-25AUG-T4.3,5,2025-09-03T22:25:58.598386Z,19,81,no
585,0059ed6e-a65b-4026-b694-edbf13a2f2c4,KXU3-25AUG-T4.3,99,2025-09-03T22:15:19.58479Z,20,80,yes
586,0c1d1200-eb64-4959-ab8b-d7579f87d312,KXU3-25AUG-T4.3,20,2025-09-03T21:51:44.673873Z,20,80,yes
587,bc985eb1-8138-4fdf-835c-17a78b234e7c,KXU3-25AUG-T4.3,5,2025-09-03T21:16:08.537936Z,20,80,yes
588,046d29da-72f4-4595-bf75-793321cb5133,KXU3-25AUG-T4.3,5,2025-09-03T20:34:55.702366Z,21,79,yes
589,b9e537f6-fce8-4a31-b240-50fd7e171cc1,KXU3-25AUG-T4.3,50,2025-09-03T20:05:22.083452Z,19,81,yes
590,05db0e8c-9064-449a-9df4-68d6a3e063ab,KXU3-25AUG-T4.3,1,2025-09-03T19:59:03.563931Z,18,82,no
591,25628ffb-4006-4cc3-bbde-8569f11d03e8,KXU3-25AUG-T4.3,52,2025-09-03T18:50:41.795588Z,18,82,no
592,d298b154-a4bb-425d-b82a-7343e182d10c,KXU3-25AUG-T4.3,50,2025-09-03T18:30:25.392604Z,21,79,yes
593,3ef90526-85f4-4215-9c30-b80d01743a7b,KXU3-25AUG-T4.3,337,2025-09-03T17:13:08.450058Z,22,78,yes
594,5411c37f-4392-4253-b9fc-1e3643c172be,KXU3-25AUG-T4.3,2,2025-09-03T16:21:13.276266Z,18,82,no
595,7d69d3bc-866a-4116-831a-b063545535cd,KXU3-25AUG-T4.3,1,2025-09-03T15:48:59.013496Z,18,82,no
596,aeed1462-a253-43f4-a21d-286e9fd3969d,KXU3-25AUG-T4.3,42,2025-09-03T15:46:22.756145Z,18,82,no
597,db71004f-938e-4ae5-8f37-40d9814555e0,KXU3-25AUG-T4.3,2,2025-09-03T15:13:27.172563Z,21,79,yes
598,448cb7af-f458-4f90-bc90-9326a3eb12d1,KXU3-25AUG-T4.3,1,2025-09-03T15:02:01.791607Z,17,83,no
599,aa874c59-6317-4a80-ad83-2a06614bc726,KXU3-25AUG-T4.3,293,2025-09-03T13:27:12.902036Z,18,82,no
600,efa01af0-f723-4a73-bcac-540a15851df2,KXU3-25AUG-T4.3,183,2025-09-03T13:15:37.292933Z,18,82,no
601,a7f5fb55-7b70-41ed-b608-fe02d45f2344,KXU3-25AUG-T4.3,940,2025-09-03T13:14:51.430882Z,19,81,no
602,61618a0b-bd95-44d5-a916-93e58cdd4bad,KXU3-25AUG-T4.3,10,2025-09-03T13:13:26.832164Z,20,80,no
603,204e509c-4855-4514-a554-53558bedaa8a,KXU3-25AUG-T4.3,60,2025-09-03T12:37:44.307485Z,19,81,no
604,ea602881-f68a-45c0-9bca-b4218448ba8e,KXU3-25AUG-T4.3,30,2025-09-03T12:36:59.112077Z,19,81,no
605,ac2c3d38-1db9-4c14-923a-4f765cc6e27f,KXU3-25AUG-T4.3,956,2025-09-03T12:36:43.770282Z,23,77,yes
606,04c71133-2c80-47c4-84df-fd3ebdfa2925,KXU3-25AUG-T4.3,50,2025-09-03T12:36:43.770282Z,23,77,yes
607,e2e3013b-c3ad-4e35-96e8-4de7ed410bc8,KXU3-25AUG-T4.3,100,2025-09-03T12:36:34.919565Z,22,78,yes
608,d9f36aa5-18c0-46c2-8e91-541750a1f1a3,KXU3-25AUG-T4.3,30,2025-09-03T12:36:34.919565Z,22,78,yes
609,3b95ae24-ccf6-445f-abcb-8331b1977ebc,KXU3-25AUG-T4.3,815,2025-09-03T12:36:34.919565Z,22,78,yes
610,c74ebe68-0911-4e1f-a09e-44541772a89a,KXU3-25AUG-T4.3,49,2025-09-03T12:36:18.531931Z,21,79,yes
611,f39e976a-b5b7-46e6-915f-72bb809f1285,KXU3-25AUG-T4.3,1,2025-09-03T04:24:00.808498Z,18,82,no
612,e32aabea-8a90-453f-ad16-d6d37c50672d,KXU3-25AUG-T4.3,3158,2025-09-03T04:24:00.808498Z,18,82,no
613,4a67f5dd-def1-4c41-aed2-bed69278a515,KXU3-25AUG-T4.3,5,2025-09-03T02:40:37.694953Z,22,78,yes
614,f1b5087f-7a2c-4fe0-aa34-5e96896e075a,KXU3-25AUG-T4.3,42,2025-09-03T00:48:22.76608Z,22,78,yes
615,7af8a9d9-b062-43f2-8ffb-01ffac989a97,KXU3-25AUG-T4.3,1,2025-09-02T23:24:36.640864Z,22,78,yes
616,cbef4204-4a33-498f-9412-fc4d2b1e03ab,KXU3-25AUG-T4.3,1,2025-09-02T23:07:15.079909Z,18,82,no
617,b644bbf8-e80a-4c9c-8cfa-dc2ba874232e,KXU3-25AUG-T4.3,2,2025-09-02T22:18:01.99698Z,22,78,yes
618,a65ed8d3-58a1-4159-898e-90e70587f24a,KXU3-25AUG-T4.3,1100,2025-09-02T20:33:18.892738Z,18,82,no
619,0c87d52d-b18e-4f4f-861f-e24caac6098d,KXU3-25AUG-T4.3,300,2025-09-02T20:33:18.892738Z,19,81,no
620,6e0b6e28-b0a9-452b-8ee1-73d49269b483,KXU3-25AUG-T4.3,1,2025-09-02T19:11:25.450496Z,18,82,no
621,525e571d-fd09-458f-87bb-13331adb4fd8,KXU3-25AUG-T4.3,1,2025-09-02T18:51:35.071236Z,19,81,no
622,16621988-de84-4a43-93f6-5ac16510fc98,KXU3-25AUG-T4.3,1,2025-09-02T18:41:19.345936Z,22,78,yes
623,9a55a5f9-cc3a-4f4a-8c57-14973e5d2021,KXU3-25AUG-T4.3,40,2025-09-02T17:44:46.804084Z,18,82,no
624,56dddbb0-1462-445b-8d2f-7d007dbbaaab,KXU3-25AUG-T4.3,5,2025-09-02T17:41:08.172733Z,22,78,yes
625,9e197118-6874-44c1-a8d7-7ff0fbe428de,KXU3-25AUG-T4.3,25,2025-09-02T15:42:50.864746Z,22,78,yes
626,0fff234c-27b4-4dc5-a39e-f83cd87b51af,KXU3-25AUG-T4.3,19,2025-09-02T15:41:40.843385Z,18,82,no
627,87a6235e-aba6-41b3-94db-19a9fb6e1dea,KXU3-25AUG-T4.3,500,2025-09-02T15:37:38.63461Z,18,82,no
628,426b0b64-6844-4ec6-9e33-8e111a3fe058,KXU3-25AUG-T4.3,29,2025-09-02T15:37:09.055475Z,20,80,no
629,6f87847b-ffe2-444c-844c-f0e274428730,KXU3-25AUG-T4.3,4,2025-09-02T15:35:45.486663Z,22,78,yes
630,79e8a6f4-db79-4e70-861a-f52c80ff98fe,KXU3-25AUG-T4.3,9,2025-09-02T15:34:09.821053Z,22,78,yes
631,b5e05477-e51d-4031-b7e3-42fd659ef8f3,KXU3-25AUG-T4.3,10,2025-09-02T15:21:35.754634Z,20,80,no
632,9031d38f-a67f-4e53-9ea9-6e59e044000e,KXU3-25AUG-T4.3,86,2025-09-02T15:21:35.265097Z,20,80,yes
633,81e55a05-032e-4fab-a2f8-9f8a988833f3,KXU3-25AUG-T4.3,10,2025-09-02T14:07:16.619876Z,20,80,yes
634,1c3016dd-fdd9-45aa-ab1d-43e09c54175b,KXU3-25AUG-T4.3,3,2025-09-02T14:02:16.208369Z,20,80,yes
635,5860924a-fcd7-4e93-9886-1e0c0764b22d,KXU3-25AUG-T4.3,2400,2025-09-02T13:52:48.401647Z,17,83,no
636,62d68bc6-2c22-4cd5-a4a7-a57291f1d8cd,KXU3-25AUG-T4.3,1,2025-09-02T13:37:19.671661Z,20,80,yes
637,fd8111b3-d61e-4566-9d43-a0221e149bbe,KXU3-25AUG-T4.3,200,2025-09-02T12:14:14.761829Z,20,80,yes
638,05437655-59c7-4ea6-a104-1fc203e38f63,KXU3-25AUG-T4.3,200,2025-09-02T12:13:57.94298Z,19,81,yes
639,b81c5af1-c75e-4cc1-82ce-d5f3729ecb50,KXU3-25AUG-T4.3,5,2025-09-02T12:04:59.965245Z,17,83,no
640,c2723bee-bf43-47ca-a00d-99d0ea40ca72,KXU3-25AUG-T4.3,100,2025-09-02T07:53:07.260657Z,19,81,yes
641,9b709200-cb03-449f-9086-cd6fbbbbaa39,KXU3-25AUG-T4.3,25,2025-09-02T05:23:33.842246Z,17,83,no
642,9790dbc3-7084-4ca9-993d-71973643ee5a,KXU3-25AUG-T4.3,50,2025-09-02T05:23:08.842734Z,17,83,no
643,df86b817-595e-401c-9602-f05decd9293a,KXU3-25AUG-T4.3,32,2025-09-02T04:57:30.605713Z,17,83,no
644,df486065-3ac0-494f-b47e-679981c5f5a8,KXU3-25AUG-T4.3,100,2025-09-02T03:39:20.467477Z,18,82,yes
645,93a86952-705e-41f7-a3d7-44fb1c63ab0f,KXU3-25AUG-T4.3,300,2025-09-02T03:39:20.467477Z,18,82,yes
646,2033ee12-383f-4459-94fd-bcfe6e677d0a,KXU3-25AUG-T4.3,1500,2025-09-02T03:39:17.322832Z,17,83,no
647,46b4624f-005e-4241-ba97-af2a854119e9,KXU3-25AUG-T4.3,6,2025-09-02T03:38:37.899938Z,17,83,no
648,41802a16-17bc-41a1-ad0c-cbd54e6a4826,KXU3-25AUG-T4.3,500,2025-09-02T02:50:10.597023Z,18,82,yes
649,e29f611c-6f14-4659-8c34-dbf4976f4065,KXU3-25AUG-T4.3,1163,2025-09-02T02:16:06.384399Z,17,83,no
650,26883a49-e820-41e6-8d59-6b3300a14476,KXU3-25AUG-T4.3,837,2025-09-02T02:16:06.384399Z,17,83,no
651,2d1ed51d-7032-494f-bf29-d9f9f61503d0,KXU3-25AUG-T4.3,100,2025-09-02T01:38:37.858226Z,18,82,yes
652,64c0b8d2-2461-4fc7-a4b9-19eb31bfc3e2,KXU3-25AUG-T4.3,100,2025-09-02T01:03:03.021875Z,18,82,yes
653,c9034a9a-3b3f-40e1-958d-8b5dc3414dec,KXU3-25AUG-T4.3,5,2025-09-02T00:50:59.233135Z,18,82,yes
654,52acf540-f691-4215-9daa-5cf55ac640df,KXU3-25AUG-T4.3,98,2025-09-02T00:37:21.47949Z,18,82,yes
655,1a4384bd-f471-471b-9cc9-1285a2f1a53a,KXU3-25AUG-T4.3,5,2025-09-02T00:37:21.47949Z,18,82,yes
656,0b049408-7ac8-44f9-93df-f50a5303c871,KXU3-25AUG-T4.3,10,2025-09-02T00:37:21.47949Z,18,82,yes
657,3c216ab2-b684-44b5-9d25-bc30a3f8e94e,KXU3-25AUG-T4.3,79,2025-09-02T00:36:46.468294Z,18,82,yes
658,4d970662-de80-44c7-a04d-702e8a5559d3,KXU3-25AUG-T4.3,10,2025-09-02T00:35:08.882107Z,18,82,yes
659,a6b9a07a-7744-47ba-aec0-c0ef9634ef4c,KXU3-25AUG-T4.3,10,2025-09-02T00:35:02.813037Z,18,82,yes
660,09e33480-3fd0-4c41-9ff8-47806f63b468,KXU3-25AUG-T4.3,10,2025-09-02T00:34:56.774418Z,18,82,yes
661,b8c4d020-8354-4eda-8543-726757b466b5,KXU3-25AUG-T4.3,98,2025-09-02T00:34:51.968057Z,18,82,yes
662,9a33534f-00e5-4230-809e-87921213a92c,KXU3-25AUG-T4.3,10,2025-09-02T00:34:50.765196Z,18,82,yes
663,dbd16848-8fb5-4346-b61a-b59deaa2de4f,KXU3-25AUG-T4.3,10,2025-09-02T00:34:45.123336Z,18,82,yes
664,58df9eed-0b15-48a5-be92-45560cea50d9,KXU3-25AUG-T4.3,10,2025-09-02T00:33:15.359912Z,18,82,yes
665,860207ff-09e2-49ca-9730-449be7900d89,KXU3-25AUG-T4.3,10,2025-09-02T00:33:09.312695Z,18,82,yes
666,ed31512e-0978-4aaa-a44e-248bc8294b88,KXU3-25AUG-T4.3,10,2025-09-02T00:33:03.472897Z,18,82,yes
667,82fa68c4-7a06-4d3f-93b4-e59086a244b7,KXU3-25AUG-T4.3,10,2025-09-02T00:32:48.080228Z,18,82,yes
668,23e035a0-dc22-4f22-99af-8c70eba8e180,KXU3-25AUG-T4.3,10,2025-09-02T00:32:42.339229Z,18,82,yes
669,86b1bbee-c61c-49c4-8ef9-cd86770ababe,KXU3-25AUG-T4.3,10,2025-09-02T00:32:36.227628Z,18,82,yes
670,c44731c3-9b8a-477e-a384-9db495957169,KXU3-25AUG-T4.3,65,2025-09-02T00:32:03.825889Z,18,82,yes
671,5a0a29cd-2568-434c-ab6c-1f044de4da20,KXU3-25AUG-T4.3,10,2025-09-02T00:32:01.675825Z,18,82,yes
672,0d548740-c3f8-48b4-88c5-eb96aa0a920a,KXU3-25AUG-T4.3,250,2025-09-02T00:32:00.685563Z,18,82,yes
673,0b448dd2-6eb5-4b31-9bf0-ea38862bbf9a,KXU3-25AUG-T4.3,10,2025-09-02T00:31:55.818552Z,18,82,yes
674,55e10b14-8103-44cc-b6f4-c64b4f94323a,KXU3-25AUG-T4.3,10,2025-09-02T00:31:50.254932Z,18,82,yes
675,8993ad89-11ee-4ebd-8e96-67ca03772788,KXU3-25AUG-T4.3,10,2025-09-02T00:31:40.845799Z,18,82,yes
676,600b2e9e-6889-4299-8b5e-8d9c49c27b14,KXU3-25AUG-T4.3,10,2025-09-02T00:31:34.825686Z,18,82,yes
677,84cf1745-bab1-4a78-8139-04289f9b287e,KXU3-25AUG-T4.3,10,2025-09-02T00:31:29.271016Z,18,82,yes
678,7c24784e-7807-4ca7-8bbe-6d5e5f4c8091,KXU3-25AUG-T4.3,10,2025-09-02T00:31:23.217403Z,18,82,yes
679,86c11bf5-4066-4c53-99c4-4144672a305d,KXU3-25AUG-T4.3,10,2025-09-02T00:31:17.386835Z,18,82,yes
680,6cafe3ba-683d-4c76-a7f8-bb0ea213b350,KXU3-25AUG-T4.3,10,2025-09-02T00:31:08.375046Z,18,82,yes
681,bcf7aa3c-b6b0-4ebd-a0b8-f83629e60186,KXU3-25AUG-T4.3,100,2025-09-02T00:31:04.937708Z,18,82,yes
682,9eac2ee6-4d05-4528-b87e-d34599c154fb,KXU3-25AUG-T4.3,10,2025-09-02T00:31:02.53195Z,18,82,yes
683,13c290f9-4cc1-45a1-a06d-4c9e191c5b2b,KXU3-25AUG-T4.3,10,2025-09-02T00:30:56.721655Z,18,82,yes
684,c3d233b9-3384-4955-887d-04d59c6ab4f5,KXU3-25AUG-T4.3,10,2025-09-02T00:30:50.936641Z,18,82,yes
685,de390b98-1949-46e0-851d-7ddb17cbbc33,KXU3-25AUG-T4.3,10,2025-09-02T00:30:45.373481Z,18,82,yes
686,81c1a340-4e3f-45bd-a954-fe3944a0c13d,KXU3-25AUG-T4.3,10,2025-09-02T00:30:22.218356Z,18,82,yes
687,50eb6def-0c65-483d-9656-1d588c357ded,KXU3-25AUG-T4.3,10,2025-09-02T00:30:16.386062Z,18,82,yes
688,f5d96545-da9a-459e-a862-96dfa3ea23a0,KXU3-25AUG-T4.3,10,2025-09-02T00:30:10.530509Z,18,82,yes
689,9355bb64-ff7b-44cf-941e-cae2eecc5960,KXU3-25AUG-T4.3,10,2025-09-02T00:30:04.695507Z,18,82,yes
690,e763a53c-c12b-4686-9713-0fd454cdca62,KXU3-25AUG-T4.3,10,2025-09-02T00:29:59.164686Z,18,82,yes
691,126eeefd-b256-4b0e-a479-5c758eccfd2c,KXU3-25AUG-T4.3,10,2025-09-02T00:29:53.154955Z,18,82,yes
692,2d95cd9d-473f-4cde-b5e9-56b757837bb4,KXU3-25AUG-T4.3,10,2025-09-02T00:29:45.522357Z,18,82,yes
693,040a9ff6-3404-4aa4-838f-841cab37499c,KXU3-25AUG-T4.3,10,2025-09-02T00:06:04.06061Z,20,80,yes
694,95dc1571-da6b-4631-aa13-ff6be67b0013,KXU3-25AUG-T4.3,50,2025-09-01T23:09:49.031382Z,19,81,no
695,3820d040-c412-42b2-97d7-90d5c7757b0b,KXU3-25AUG-T4.3,50,2025-09-01T23:02:45.76722Z,17,83,no
696,237fb9b6-02b7-47cd-a2c5-607dd78b2935,KXU3-25AUG-T4.3,50,2025-09-01T23:01:42.963927Z,19,81,no
697,fac9e1db-8252-4e03-beee-111110a314fc,KXU3-25AUG-T4.3,50,2025-09-01T22:58:53.157882Z,19,81,no
698,76784ff8-ec35-48df-bd46-cb1cac09680a,KXU3-25AUG-T4.3,1941,2025-09-01T22:58:53.157882Z,18,82,no
699,6fd41758-8d10-410f-a320-55bbec854eb4,KXU3-25AUG-T4.3,9,2025-09-01T22:58:53.157882Z,18,82,no
700,4123c229-a6b6-4fa9-aa59-4f2243db5f5b,KXU3-25AUG-T4.3,50,2025-09-01T20:24:03.360136Z,19,81,no
701,854a05b6-fbfd-4a64-81dd-01b03f744b19,KXU3-25AUG-T4.3,50,2025-09-01T20:23:45.650594Z,19,81,no
702,47c981b5-9ba1-459a-9226-0faa2d26dd6e,KXU3-25AUG-T4.3,1,2025-09-01T20:20:45.488206Z,19,81,no
703,3b1d80bc-0ce7-455f-9514-10273fec98ab,KXU3-25AUG-T4.3,50,2025-09-01T20:20:45.488206Z,19,81,no
704,0f3cc54e-615d-4ada-8d6d-fcc33b02819f,KXU3-25AUG-T4.3,1,2025-09-01T18:18:00.971309Z,21,79,yes
705,c16a2818-13c1-48a4-9a99-5170603552da,KXU3-25AUG-T4.3,1,2025-09-01T12:33:01.329266Z,18,82,no
706,039b039d-b153-471b-ad80-1c7476982b4d,KXU3-25AUG-T4.3,50,2025-09-01T12:27:13.470911Z,18,82,no
707,9d04bdb7-cd34-4510-b57e-d6446db96534,KXU3-25AUG-T4.3,79,2025-09-01T08:50:48.571549Z,18,82,no
708,52561f9a-20c6-4427-8021-e0dd718ceca8,KXU3-25AUG-T4.3,10,2025-09-01T05:22:17.901415Z,22,78,yes
709,74d9662f-3e63-40d5-93ae-a4be61b9198e,KXU3-25AUG-T4.3,100,2025-09-01T04:59:13.101464Z,18,82,no
710,997cf5ec-65fe-413a-b48f-c9ecc886887f,KXU3-25AUG-T4.3,60,2025-09-01T04:55:30.381428Z,18,82,no
711,6689e8ed-ffb8-4b0a-b262-01aefa45c908,KXU3-25AUG-T4.3,293,2025-09-01T03:29:54.05835Z,21,79,yes
712,e30cde28-601f-4157-89cd-7524386d8533,KXU3-25AUG-T4.3,1,2025-09-01T01:52:16.369937Z,18,82,no
713,aa260ace-4a4e-4e2a-a1eb-0cdc42e4e34c,KXU3-25AUG-T4.3,19,2025-08-31T22:38:21.349394Z,17,83,no
714,536da257-d96f-4690-a7fb-552883c932eb,KXU3-25AUG-T4.3,1,2025-08-31T22:37:43.900277Z,18,82,no
715,713af608-851b-4b43-8272-995bce2c185d,KXU3-25AUG-T4.3,300,2025-08-31T21:39:09.489662Z,20,80,yes
716,83a97f6d-7c72-40a1-81d6-6220ecb7adf5,KXU3-25AUG-T4.3,89,2025-08-31T20:44:30.699152Z,17,83,no
717,f76ba4c8-bae6-4075-a259-0d207da6d447,KXU3-25AUG-T4.3,150,2025-08-31T17:51:59.241452Z,20,80,yes
718,21150c2e-0999-4c9b-8123-361a86573fbd,KXU3-25AUG-T4.3,200,2025-08-31T15:51:36.678842Z,18,82,no
719,e95d6a1f-8037-41a2-aecf-76b37ab03f1a,KXU3-25AUG-T4.3,200,2025-08-31T14:48:12.601127Z,18,82,no
720,90815671-d68f-469c-a171-f770fe0d7d93,KXU3-25AUG-T4.3,5,2025-08-31T14:28:44.618674Z,18,82,no
721,4b0cad41-737b-4606-8fe9-d14c45466d8e,KXU3-25AUG-T4.3,10,2025-08-31T12:54:45.129352Z,18,82,no
722,9b188167-a3cb-4197-bfe1-75fd329c4de9,KXU3-25AUG-T4.3,36,2025-08-31T07:10:48.907251Z,18,82,no
723,cd1f6b5d-20c6-4625-9356-5a3b243551c4,KXU3-25AUG-T4.3,116,2025-08-31T06:58:59.807364Z,18,82,no
724,77a7ca16-e7ed-4c41-b44c-d2f25cc22adb,KXU3-25AUG-T4.3,86,2025-08-31T06:55:35.584569Z,18,82,no
725,c85d2b85-5035-45e6-a870-fafa84c13380,KXU3-25AUG-T4.3,205,2025-08-31T05:55:01.29582Z,18,82,no
726,57bb9608-de40-4bde-8aa2-17c58941de26,KXU3-25AUG-T4.3,218,2025-08-31T02:58:30.45912Z,18,82,no
727,50acb66d-d49c-4c58-a406-ceb401528350,KXU3-25AUG-T4.3,10,2025-08-31T02:51:47.499639Z,18,82,no
728,b0715b36-7398-462f-8084-2e0d5b0b0779,KXU3-25AUG-T4.3,10,2025-08-31T02:51:10.641186Z,18,82,no
729,33ef8ba0-6cdc-4ba3-82ac-3c3f4ce991ea,KXU3-25AUG-T4.3,10,2025-08-31T02:51:04.793247Z,18,82,no
730,a1b59f82-ecfc-4345-9bc4-4eb3d0e5eb4e,KXU3-25AUG-T4.3,18,2025-08-31T02:48:43.43629Z,22,78,yes
731,6f7cb2bd-ddbf-4e87-a533-6263a7f1b9de,KXU3-25AUG-T4.3,10,2025-08-31T02:43:47.404195Z,18,82,no
732,978d2a95-bdc2-443c-8994-2c094e653b05,KXU3-25AUG-T4.3,10,2025-08-31T02:43:11.0354Z,18,82,no
733,cecfd1a3-ada3-4906-a619-ce612764a7f2,KXU3-25AUG-T4.3,10,2025-08-31T02:43:05.054688Z,18,82,no
734,4c1c3953-9067-4c90-8a8d-be64283d2131,KXU3-25AUG-T4.3,10,2025-08-31T02:42:59.120814Z,18,82,no
735,9102873b-c8ae-48e5-a63e-a0a2a0ce5c07,KXU3-25AUG-T4.3,10,2025-08-31T02:42:53.357018Z,18,82,no
736,ea76559f-bbd3-4de9-8f37-bf390d209a76,KXU3-25AUG-T4.3,10,2025-08-31T02:42:47.563471Z,18,82,no
737,a8f266cb-8c50-4eca-a7c5-16821ae2f0aa,KXU3-25AUG-T4.3,10,2025-08-31T02:34:24.028461Z,18,82,no
738,df49d723-4889-487a-b545-b373a3a10108,KXU3-25AUG-T4.3,10,2025-08-31T02:34:18.270383Z,18,82,no
739,8f464e1b-3fb8-4161-a63d-d41cb197e2c3,KXU3-25AUG-T4.3,10,2025-08-31T02:34:12.496038Z,18,82,no
740,e7a73210-3ab6-4a5c-9614-79a052cc61cf,KXU3-25AUG-T4.3,10,2025-08-31T02:34:03.908724Z,18,82,no
741,bb662076-91f5-45fa-948f-c72565ffcc59,KXU3-25AUG-T4.3,10,2025-08-31T02:33:57.998786Z,18,82,no
742,deb6d9e3-0d9d-488f-99d8-d31a4f4abf83,KXU3-25AUG-T4.3,10,2025-08-31T02:33:52.428301Z,18,82,no
743,b2fcb587-8c59-4221-bf03-0fca283e857c,KXU3-25AUG-T4.3,10,2025-08-31T02:33:46.460421Z,18,82,no
744,97d27866-258c-4125-948c-d4b17dba533e,KXU3-25AUG-T4.3,10,2025-08-31T02:33:40.806045Z,18,82,no
745,3e6d4a2b-a861-422b-b71b-e830f6fe6de8,KXU3-25AUG-T4.3,13,2025-08-31T02:24:58.437475Z,18,82,no
746,1e825fd6-aab6-4c13-b480-83a0b96eb408,KXU3-25AUG-T4.3,10,2025-08-31T02:24:20.728422Z,18,82,no
747,646478f4-61e6-4c30-962f-f9cbc90a1b38,KXU3-25AUG-T4.3,10,2025-08-31T02:24:14.995572Z,18,82,no
748,a3268e0a-e1c4-4978-8ee1-8b3354069181,KXU3-25AUG-T4.3,10,2025-08-31T02:24:09.396844Z,18,82,no
749,e4ab695b-7f78-4a82-85b3-314d8ed1606b,KXU3-25AUG-T4.3,10,2025-08-31T02:23:58.867102Z,18,82,no
750,c2717123-5bd3-41ad-a783-eb8993c309f7,KXU3-25AUG-T4.3,10,2025-08-31T02:23:52.913606Z,18,82,no
751,c001a1c5-cfbf-4dc3-8199-43c7ba83628f,KXU3-25AUG-T4.3,10,2025-08-31T02:23:47.132819Z,18,82,no
752,5f587d6e-e54d-4eac-80d2-f904cba2b0a7,KXU3-25AUG-T4.3,10,2025-08-31T02:23:41.355015Z,18,82,no
753,99150060-dfa7-4b7b-8c2e-73feab5ec5f4,KXU3-25AUG-T4.3,10,2025-08-31T02:22:38.470827Z,18,82,no
754,5014b7cc-1df7-4169-b2d5-538bdd4657ef,KXU3-25AUG-T4.3,10,2025-08-31T02:22:32.656911Z,18,82,no
755,64487743-4886-4d3b-8e4c-cbcbd805a8dd,KXU3-25AUG-T4.3,10,2025-08-31T02:20:57.00094Z,18,82,no
756,0a4bc9b6-187b-4bbe-ad7a-be15141ce74c,KXU3-25AUG-T4.3,10,2025-08-31T02:20:37.943091Z,18,82,no
757,a49e7a44-99b2-4369-bbfe-260d11ae2b82,KXU3-25AUG-T4.3,10,2025-08-31T02:20:31.88629Z,18,82,no
758,4e300046-bb6d-496e-8f59-8f8c7d331967,KXU3-25AUG-T4.3,10,2025-08-31T02:20:15.687057Z,18,82,no
759,061c2306-8dfc-4013-8924-3bd6fd4988a4,KXU3-25AUG-T4.3,10,2025-08-31T02:20:09.858894Z,18,82,no
760,78a84b11-2433-4190-925a-cbe6f6d8e6aa,KXU3-25AUG-T4.3,10,2025-08-31T02:19:53.182196Z,18,82,no
761,a7dc4395-ea2f-4070-be6f-f1e82b2e6cbf,KXU3-25AUG-T4.3,10,2025-08-31T02:19:44.350995Z,18,82,no
762,1202eb93-f295-4f8e-b1bf-ebaf80fa1913,KXU3-25AUG-T4.3,10,2025-08-31T02:19:38.369871Z,18,82,no
763,c1610b7d-d7e0-4808-b2ce-ceb52d6668cc,KXU3-25AUG-T4.3,10,2025-08-31T02:19:32.710385Z,18,82,no
764,84347529-3044-4d9b-ae4b-912ff52ced81,KXU3-25AUG-T4.3,10,2025-08-31T02:19:26.985318Z,18,82,no
765,d6a0f179-b530-4877-a1b4-4e683b32b5ed,KXU3-25AUG-T4.3,1,2025-08-31T02:19:21.035999Z,18,82,no
766,aed6adaa-50c9-46e7-8588-106b2de6e378,KXU3-25AUG-T4.3,9,2025-08-31T02:19:21.035999Z,18,82,no
767,66bc631f-becf-4e1f-a967-3ef337d9ce71,KXU3-25AUG-T4.3,43,2025-08-30T23:37:47.681053Z,22,78,yes
768,c6434ce2-f16c-4989-9804-8edc09265b99,KXU3-25AUG-T4.3,4,2025-08-30T21:41:53.612972Z,22,78,yes
769,426196f6-df34-4926-8a15-03307fd23985,KXU3-25AUG-T4.3,8,2025-08-30T21:04:53.276333Z,21,79,yes
770,ebd36ac4-ef52-47ce-9427-695a0180d938,KXU3-25AUG-T4.3,1,2025-08-30T19:56:05.337826Z,21,79,yes
771,506e8962-96bb-4068-bbe3-b8d49c7edeeb,KXU3-25AUG-T4.3,9,2025-08-30T13:12:58.905697Z,18,82,no
772,ff336cb7-fe59-4f65-89d0-ca577241a968,KXU3-25AUG-T4.3,3,2025-08-30T04:42:45.31111Z,21,79,yes
773,8a39309a-d808-49c2-b4f0-2fea7d8d9836,KXU3-25AUG-T4.3,16,2025-08-30T04:42:45.31111Z,22,78,yes
774,35deb9c0-8b03-4e3e-ae7b-ebaeef1f9a4f,KXU3-25AUG-T4.3,2,2025-08-30T04:42:45.31111Z,21,79,yes
775,f3a15880-d8e7-4c85-875b-33f8a1206c61,KXU3-25AUG-T4.3,16,2025-08-30T03:15:49.559705Z,20,80,yes
776,d8fa97c6-2e13-4425-b281-37fb5afe1176,KXU3-25AUG-T4.3,2,2025-08-30T03:15:49.559705Z,19,81,yes
777,c1468cdf-4687-4f6d-89f7-15bf33b0352a,KXU3-25AUG-T4.3,3,2025-08-30T03:15:49.559705Z,19,81,yes
778,a1194917-ee49-4f93-a60a-cc99883c83f2,KXU3-25AUG-T4.3,9972,2025-08-30T03:15:49.559705Z,20,80,yes
779,0101c453-88c4-440f-8ece-9d040e283804,KXU3-25AUG-T4.3,7,2025-08-30T03:15:49.559705Z,19,81,yes
780,6d18076a-2929-4521-93f2-5b3d5e540115,KXU3-25AUG-T4.3,5,2025-08-30T02:41:11.379504Z,17,83,no
781,38770b4b-7469-43e4-95f4-5afc405cf8f0,KXU3-25AUG-T4.3,10,2025-08-29T23:20:58.071224Z,18,82,no
782,29c39506-d95f-487b-91f2-29a60951f5e8,KXU3-25AUG-T4.3,15,2025-08-29T19:24:22.113223Z,18,82,no
783,47772a1f-b179-4dc2-8d9a-c68b30dccadd,KXU3-25AUG-T4.3,2,2025-08-29T17:04:51.505412Z,18,82,no
784,4f5e040a-1d26-47b8-b2b5-ec6e718753a8,KXU3-25AUG-T4.3,12,2025-08-29T16:39:01.940363Z,18,82,no
785,22fcfbbc-b74d-4b7e-8670-1e0784393426,KXU3-25AUG-T4.3,6,2025-08-29T15:38:42.617962Z,19,81,yes
786,6569abd4-12f6-4f96-80c6-b706ecad32ef,KXU3-25AUG-T4.3,20,2025-08-29T14:21:51.183032Z,20,80,yes
787,0da252aa-4e9b-4007-889f-ca6f311bfb2a,KXU3-25AUG-T4.3,45,2025-08-29T05:40:50.403555Z,18,82,no
788,3dec848b-955f-4643-bd4b-c33c0c8beb23,KXU3-25AUG-T4.3,80,2025-08-28T22:43:33.333087Z,21,79,yes
789,46afb0b0-008b-48cc-bbfc-95d5f58bf057,KXU3-25AUG-T4.3,15,2025-08-28T22:14:26.473917Z,19,81,no
790,5673a8d2-ea2e-4897-a7a1-adf6fc9ac0da,KXU3-25AUG-T4.3,28,2025-08-28T21:05:21.543074Z,20,80,yes
791,639c21b2-e421-4625-bb40-c9b434c936c3,KXU3-25AUG-T4.3,3,2025-08-28T19:24:13.411393Z,20,80,yes
792,40c0224b-b8b6-4c23-a09b-e5ae93cad977,KXU3-25AUG-T4.3,50,2025-08-28T18:08:52.619627Z,20,80,yes
793,0d456d01-f7e9-4bb1-9684-77f5f7f6047d,KXU3-25AUG-T4.3,125,2025-08-28T17:27:37.4324Z,20,80,yes
794,6dcb53dd-8d96-42df-8b60-cc78cc46cd84,KXU3-25AUG-T4.3,23,2025-08-28T17:26:45.847668Z,20,80,yes
795,52742d6c-8a50-4628-a9e7-ebea615e80d8,KXU3-25AUG-T4.3,977,2025-08-28T17:26:45.847668Z,20,80,yes
796,b10ce598-87a2-48d5-8597-9f8e2ee8c717,KXU3-25AUG-T4.3,1,2025-08-28T17:03:50.749539Z,19,81,yes
797,b9d0a19f-3446-485b-98f8-768f7c84b8e6,KXU3-25AUG-T4.3,1,2025-08-28T16:39:59.785937Z,17,83,no
798,e5f8ef14-cab7-41aa-adc0-581b6062072c,KXU3-25AUG-T4.3,94,2025-08-28T14:40:09.538257Z,19,81,no
799,132842ef-3483-4d72-b977-9bd22186fb55,KXU3-25AUG-T4.3,1,2025-08-28T14:14:19.356995Z,19,81,yes
800,e3ce64b9-d7d8-41f4-838c-7bb1c509eec2,KXU3-25AUG-T4.3,23,2025-08-28T04:01:22.819382Z,20,80,yes
801,85b8569f-8523-477e-9f98-75132a500b09,KXU3-25AUG-T4.3,23,2025-08-28T03:10:12.353207Z,20,80,yes
802,479c1824-b48d-4fee-905c-b109204a76af,KXU3-25AUG-T4.3,1,2025-08-28T02:38:13.009553Z,16,84,no
803,3cef90e8-6e23-466d-9c18-e1bfe58e3742,KXU3-25AUG-T4.3,300,2025-08-27T23:33:55.062639Z,17,83,no
804,af3224ce-fd65-4b92-bb34-a838aa7b5ddf,KXU3-25AUG-T4.3,700,2025-08-27T23:33:45.54402Z,17,83,no
805,8d588022-0b6a-4921-86b6-30724448459e,KXU3-25AUG-T4.3,385,2025-08-27T23:33:45.54402Z,17,83,no
806,5d118278-cd38-441f-a7f9-b98ce8f23e50,KXU3-25AUG-T4.3,915,2025-08-27T23:33:45.54402Z,17,83,no
807,0c3f6eba-ff00-4c72-ab0b-8ae57d36ea45,KXU3-25AUG-T4.3,1000,2025-08-27T23:33:35.768152Z,17,83,no
808,328957b2-8c35-4401-8e3f-491c34177406,KXU3-25AUG-T4.3,2,2025-08-27T23:33:25.822905Z,18,82,no
809,8ebbf376-747b-4d07-8c75-14e21daf039e,KXU3-25AUG-T4.3,59,2025-08-27T23:33:15.207885Z,19,81,no
810,2c6319c6-9197-4013-ba04-938365559a02,KXU3-25AUG-T4.3,27,2025-08-27T23:33:05.013984Z,20,80,no
811,08a20423-7787-45c7-8354-681014e633d7,KXU3-25AUG-T4.3,98,2025-08-27T22:08:38.652202Z,19,81,no
812,be59b859-8fe0-4996-9288-546540cd0d38,KXU3-25AUG-T4.3,98,2025-08-27T22:03:19.140003Z,20,80,yes
813,5d0d6094-178e-42c1-be75-b61c44681b53,KXU3-25AUG-T4.3,400,2025-08-27T20:01:27.084728Z,19,81,no
814,45de980c-59e4-452b-8dcb-eafa2581673f,KXU3-25AUG-T4.3,1,2025-08-27T18:09:17.590008Z,20,80,yes
815,bc79a858-f07f-4ac1-ad00-6a8c4cc1da52,KXU3-25AUG-T4.3,1,2025-08-27T17:55:07.287081Z,20,80,yes
816,e9ca9dd4-1225-4815-b380-904b05e8895a,KXU3-25AUG-T4.3,1000,2025-08-27T17:06:49.324725Z,21,79,yes
817,129aa689-f6ba-4df0-8d24-15ab29d3da28,KXU3-25AUG-T4.3,384,2025-08-27T17:06:49.324725Z,21,79,yes
818,06bec714-9199-42e8-b29f-4c8c0590ffa8,KXU3-25AUG-T4.3,616,2025-08-27T17:06:49.324725Z,20,80,yes
819,5cb08ca5-4883-4cb8-ba6f-4ba9d9845da2,KXU3-25AUG-T4.3,5,2025-08-27T16:51:24.294366Z,19,81,no
820,bd5571a9-d6fd-4098-89cb-64525e696120,KXU3-25AUG-T4.3,25,2025-08-27T16:12:48.659106Z,19,81,no
821,a9b630c7-33d0-4107-ae53-8603c48c6957,KXU3-25AUG-T4.3,1,2025-08-27T16:06:22.341998Z,19,81,no
822,d0f1fa4c-e64a-435d-82da-d4b6fbb57ba0,KXU3-25AUG-T4.3,84,2025-08-27T15:53:44.733067Z,20,80,yes
823,95ee2f9d-cf0e-4f8e-be8e-6fe8cbb1f00e,KXU3-25AUG-T4.3,15,2025-08-27T15:53:44.733067Z,20,80,yes
824,625054e6-23e9-4aa6-bbba-91db59eeb8a8,KXU3-25AUG-T4.3,1,2025-08-27T15:53:44.733067Z,20,80,yes
825,faa85573-0784-4678-ade4-5418599ae08b,KXU3-25AUG-T4.3,60,2025-08-27T15:25:44.361698Z,19,81,no
826,517cce8d-d031-43e8-966f-51baacd1b671,KXU3-25AUG-T4.3,12,2025-08-27T12:49:08.098483Z,19,81,yes
827,498cded8-6487-4dd4-999c-f3b2976cbab4,KXU3-25AUG-T4.3,340,2025-08-27T12:49:08.098483Z,19,81,yes
828,9bec50ea-62d0-4ba9-aab0-366a40955bb1,KXU3-25AUG-T4.3,40,2025-08-27T09:26:10.470553Z,17,83,no
829,16b095cc-65fe-4ffe-9f8c-1557ec609c50,KXU3-25AUG-T4.3,7,2025-08-27T09:25:41.700954Z,17,83,no
830,6bf6905c-26b0-46c9-b729-37cef8009fb8,KXU3-25AUG-T4.3,2,2025-08-27T01:28:26.506352Z,19,81,yes
831,42932aaf-65a5-4d71-bfaa-d4997b17ff8e,KXU3-25AUG-T4.3,1,2025-08-26T20:27:54.068381Z,17,83,no
832,045e55ab-9d94-434a-849a-2a94fea51508,KXU3-25AUG-T4.3,200,2025-08-26T20:15:51.834006Z,19,81,yes
833,d8167428-7230-494f-9448-cdaa58cfa9b5,KXU3-25AUG-T4.3,534,2025-08-26T18:09:57.243936Z,18,82,yes
834,b5bbbb39-1e3b-4e42-b2b0-d1f4a87035b9,KXU3-25AUG-T4.3,2,2025-08-26T18:09:57.243936Z,18,82,yes
835,78f7bed7-ae32-4720-92c8-4860a78ff10f,KXU3-25AUG-T4.3,1,2025-08-26T18:09:57.243936Z,18,82,yes
836,70450a8e-d3a0-4da7-8a01-e09cf696f121,KXU3-25AUG-T4.3,100,2025-08-26T18:06:38.764628Z,18,82,yes
837,2221603b-f216-4060-a37b-2942b4f57f45,KXU3-25AUG-T4.3,1,2025-08-26T16:25:34.574214Z,17,83,no
838,c5f5c1b8-d17c-4e7a-8787-dacf9b56c994,KXU3-25AUG-T4.3,10,2025-08-26T15:31:17.430443Z,18,82,yes
839,4be752d0-d234-482b-bc7e-ff88a2a4e64d,KXU3-25AUG-T4.3,1,2025-08-26T15:14:03.334072Z,18,82,yes
840,a419cc99-a948-40b0-8ce2-0d054a65f14a,KXU3-25AUG-T4.3,3,2025-08-26T14:29:07.304881Z,18,82,yes
841,12bcc649-251f-4c8a-a926-95e13dd5be29,KXU3-25AUG-T4.3,2,2025-08-26T14:01:33.427436Z,17,83,no
842,b3e31069-5921-4a79-884a-097eef681c3f,KXU3-25AUG-T4.3,1,2025-08-26T13:27:50.136212Z,17,83,no
843,7f98c5db-6750-446f-9a3c-76f43f7d5096,KXU3-25AUG-T4.3,1,2025-08-26T13:15:03.240963Z,18,82,yes
844,61c4ca7f-110e-4260-ac6f-18e92e5a1982,KXU3-25AUG-T4.3,18,2025-08-26T12:01:44.159741Z,18,82,yes
845,70de91ef-d0ee-481e-be05-9b6e0c3c4165,KXU3-25AUG-T4.3,73,2025-08-26T05:00:31.612615Z,16,84,no
846,a9ec8c6d-0c4b-41e7-b7c2-8663c18ccb47,KXU3-25AUG-T4.3,2,2025-08-26T04:50:51.542195Z,18,82,yes
847,15cea9d5-5413-48fc-9e2e-ddf206fb4a81,KXU3-25AUG-T4.3,1,2025-08-26T01:42:10.334291Z,18,82,yes
848,16083a85-14a4-4052-8276-991799cb6d16,KXU3-25AUG-T4.3,2,2025-08-25T23:26:49.851502Z,18,82,yes
849,afeecfc2-a55d-4ad0-8942-e2e08ba67f60,KXU3-25AUG-T4.3,52,2025-08-25T22:48:03.517034Z,18,82,yes
850,e1afc9a5-464f-4a2a-86ff-9e8497648e46,KXU3-25AUG-T4.3,50,2025-08-25T21:26:50.032125Z,18,82,yes
851,de86fd1c-df5b-42a9-99da-95b01900a2f3,KXU3-25AUG-T4.3,1,2025-08-25T18:14:55.48985Z,16,84,no
852,0d21eaf7-f871-41d3-901f-d0861c40f05a,KXU3-25AUG-T4.3,10,2025-08-25T18:03:40.546815Z,18,82,yes
853,b400acf1-5141-4dc5-8e25-6ec9ab31ccfc,KXU3-25AUG-T4.3,100,2025-08-25T17:53:58.878995Z,18,82,yes
854,d829941c-f1cc-4214-8d21-a941638266ea,KXU3-25AUG-T4.3,100,2025-08-25T16:13:14.581761Z,18,82,yes
855,244646cc-150e-4d92-b358-c028270d535d,KXU3-25AUG-T4.3,100,2025-08-25T14:19:10.456348Z,15,85,no
856,b48fddb9-dd0b-422e-8a8c-332dfacd845a,KXU3-25AUG-T4.3,27,2025-08-25T14:04:35.150318Z,15,85,no
857,034afb2b-a6ac-400c-967d-07980787ea89,KXU3-25AUG-T4.3,10,2025-08-25T13:46:16.853306Z,15,85,no
858,f1ec5dc4-8be7-4a9d-bfac-8281f5dd0feb,KXU3-25AUG-T4.3,6,2025-08-25T13:41:30.558865Z,15,85,no
859,9853c0d6-26c7-489b-a852-60d1ea4d06a8,KXU3-25AUG-T4.3,10,2025-08-25T13:40:28.968253Z,15,85,no
860,704f8a4b-8f03-4349-a0bc-1406a5f891e2,KXU3-25AUG-T4.3,2,2025-08-25T12:15:49.157353Z,18,82,yes
861,d9381e31-b2e0-4cf4-8a90-954a05cee176,KXU3-25AUG-T4.3,12,2025-08-25T05:59:59.719784Z,18,82,yes
862,66dc6076-d4d5-4aca-8f6d-7477fcbd3515,KXU3-25AUG-T4.3,14,2025-08-25T05:59:59.719784Z,18,82,yes
863,c51ab905-52b9-41dd-9fe6-1e3bff42f4bf,KXU3-25AUG-T4.3,97,2025-08-25T05:56:49.301227Z,15,85,no
864,9a7c6abf-cfb5-48d9-801c-686ad62e9493,KXU3-25AUG-T4.3,3,2025-08-25T05:56:49.301227Z,15,85,no
865,9f2650a0-9d85-45e2-99f2-3e61d51c17f1,KXU3-25AUG-T4.3,150,2025-08-25T05:56:42.519653Z,15,85,no
866,119a6aa1-5769-4e33-bc21-01c94765de54,KXU3-25AUG-T4.3,26,2025-08-25T05:51:48.918118Z,18,82,yes
867,5f3d519f-98f1-42e5-aab5-af60618acd84,KXU3-25AUG-T4.3,10,2025-08-25T03:12:56.323462Z,18,82,yes
868,52904ce6-de00-4428-aec6-eb2d9daa08b1,KXU3-25AUG-T4.3,10,2025-08-25T02:45:34.830565Z,18,82,yes
869,8cc50505-5e7c-44b5-9e33-528dcd5f6a02,KXU3-25AUG-T4.3,100,2025-08-24T18:33:53.100701Z,18,82,yes
870,4da232a2-8ffc-496e-8446-7d7a35bd0f14,KXU3-25AUG-T4.3,18,2025-08-24T17:16:41.5506Z,15,85,no
871,0f23a26d-565f-44eb-9545-ed82202557a8,KXU3-25AUG-T4.3,27,2025-08-24T16:25:54.704643Z,17,83,yes
872,ef7a045a-4568-417d-9d20-37decccba508,KXU3-25AUG-T4.3,60,2025-08-24T07:26:31.320506Z,17,83,yes
873,bde6c91d-a8b6-4e1c-ad60-213f5ea6adef,KXU3-25AUG-T4.3,458,2025-08-24T04:46:56.021422Z,16,84,no
874,1acf5003-d69d-47bc-828f-d0af6130ac1e,KXU3-25AUG-T4.3,735,2025-08-24T04:46:56.021422Z,15,85,no
875,ecb0eaca-1902-48a7-b0c5-ae97213798ac,KXU3-25AUG-T4.3,25,2025-08-24T03:22:47.68953Z,18,82,yes
876,c3869061-d587-4afd-8346-1e343975d8c8,KXU3-25AUG-T4.3,20,2025-08-23T16:36:39.91425Z,16,84,no
877,d205c008-1537-4a9a-a7b7-df6d10019f80,KXU3-25AUG-T4.3,14,2025-08-23T16:35:41.112077Z,16,84,no
878,1abcb074-5f07-4178-a0fe-3eb8b55b8fea,KXU3-25AUG-T4.3,522,2025-08-23T16:35:41.112077Z,16,84,no
879,984a718e-134e-4c3e-874d-05849ea9fdd5,KXU3-25AUG-T4.3,15,2025-08-23T15:48:54.794901Z,16,84,no
880,5dcfe89d-6099-4d35-9098-625d1b44c423,KXU3-25AUG-T4.3,117,2025-08-23T15:40:00.636985Z,16,84,no
881,d78e9d66-38f0-412f-a7fe-559cce03a0b0,KXU3-25AUG-T4.3,812,2025-08-23T14:17:57.511153Z,16,84,no
882,a5b04ce3-0e7d-471d-aeb0-6dccd31ddd0e,KXU3-25AUG-T4.3,10,2025-08-23T14:17:57.511153Z,17,83,no
883,31367cd3-74c4-4358-911e-cb6057e4a9f2,KXU3-25AUG-T4.3,102,2025-08-23T14:17:57.511153Z,17,83,no
884,1e853804-b30f-4059-b772-0455b1f177d4,KXU3-25AUG-T4.3,41,2025-08-23T14:17:57.511153Z,17,83,no
885,1b40453a-22b1-4d25-a1b0-87a5791b56db,KXU3-25AUG-T4.3,35,2025-08-23T14:17:57.511153Z,17,83,no
886,5196d378-ac8b-4005-b9f0-4302c36aca72,KXU3-25AUG-T4.3,1,2025-08-23T13:03:12.064787Z,17,83,no
887,9a298f17-61df-447e-b00d-b8a5bb1b55a2,KXU3-25AUG-T4.3,6,2025-08-23T05:20:03.203844Z,17,83,no
888,13b835ef-14dd-4050-9c1f-681863b67282,KXU3-25AUG-T4.3,5,2025-08-23T05:09:55.532665Z,18,82,no
889,29e4de57-042e-4870-9ee2-e8d5dd43b5cd,KXU3-25AUG-T4.3,10,2025-08-23T05:03:54.222449Z,19,81,yes
890,c73e6e98-238e-4cca-a843-b252272e56d8,KXU3-25AUG-T4.3,9,2025-08-23T03:52:07.856964Z,18,82,yes
891,785f6dd5-c55f-498b-885f-6889aeb16865,KXU3-25AUG-T4.3,41,2025-08-23T03:52:07.856964Z,19,81,yes
892,792b4fe6-f21d-4eca-bad9-9972dc51ddcc,KXU3-25AUG-T4.3,400,2025-08-23T01:01:11.168772Z,20,80,yes
893,a532a74a-f4c9-41ef-911d-dc7e0c169e7c,KXU3-25AUG-T4.3,5,2025-08-22T23:46:26.198256Z,20,80,yes
894,d3f8bfc7-4195-4691-9e2a-87e7d0eec09f,KXU3-25AUG-T4.3,71,2025-08-22T22:47:02.977078Z,20,80,yes
895,813585c5-bbc7-4dce-9438-a739a00813f2,KXU3-25AUG-T4.3,40,2025-08-22T20:11:40.71899Z,20,80,yes
896,ddacc240-7895-4f28-a9c2-eee49cca057c,KXU3-25AUG-T4.3,182,2025-08-22T19:27:40.812246Z,19,81,no
897,99f3a398-9024-4dab-8d33-29b251a74a73,KXU3-25AUG-T4.3,48,2025-08-22T17:25:19.781661Z,20,80,yes
898,b4193e05-9ea9-4b1e-a60b-9773c2d32b6a,KXU3-25AUG-T4.3,421,2025-08-22T15:26:53.663169Z,20,80,yes
899,8f77c841-4733-4d00-95ec-a9d8a8c4f027,KXU3-25AUG-T4.3,1900,2025-08-22T15:26:53.663169Z,20,80,yes
900,48a57fa4-c0e0-4d26-82a4-f946932755c5,KXU3-25AUG-T4.3,559,2025-08-22T15:26:53.663169Z,20,80,yes
901,05ab57fa-9aa3-40d5-bc7d-323ffd6db6ba,KXU3-25AUG-T4.3,32,2025-08-22T15:26:53.663169Z,20,80,yes
902,d4ebebb7-baa0-4f25-b4f2-6cec0d2d770f,KXU3-25AUG-T4.3,10,2025-08-22T15:00:31.262871Z,19,81,no
903,6258183c-84c3-46e9-9296-e2efe194b3aa,KXU3-25AUG-T4.3,10,2025-08-22T15:00:20.398742Z,19,81,no
904,598ec608-74f9-4f61-be49-5717c30a668f,KXU3-25AUG-T4.3,22,2025-08-22T15:00:08.563729Z,19,81,yes
905,46d731ee-d925-49b3-9db5-3ece1e8cedbb,KXU3-25AUG-T4.3,95,2025-08-22T14:32:10.773134Z,17,83,no
906,13073a33-a912-4618-844c-685e3d95b9a2,KXU3-25AUG-T4.3,15,2025-08-22T14:32:10.773134Z,17,83,no
907,1530f278-91d1-4ecf-af2d-9721c5e58634,KXU3-25AUG-T4.3,6,2025-08-22T13:39:38.783409Z,18,82,no
908,ab03b449-e503-45ef-981f-75612cb61690,KXU3-25AUG-T4.3,1,2025-08-22T01:37:45.954908Z,19,81,yes
909,8138a119-0938-44ba-8827-a0a7377b0a3f,KXU3-25AUG-T4.3,64,2025-08-22T01:37:45.954908Z,19,81,yes
910,613f3233-c119-4a2e-a9cd-2a83e8a92ab8,KXU3-25AUG-T4.3,39,2025-08-22T01:37:45.954908Z,19,81,yes
911,21a999b3-b148-43de-87e0-fc019625970c,KXU3-25AUG-T4.3,7,2025-08-22T00:38:03.46931Z,18,82,yes
912,ba3ac698-5463-46f1-8305-46d767eba408,KXU3-25AUG-T4.3,17,2025-08-22T00:32:23.549808Z,19,81,yes
913,533cb436-93a2-4c65-93ba-441710b90581,KXU3-25AUG-T4.3,8,2025-08-22T00:32:23.549808Z,18,82,yes
914,617ff635-9dc2-4cad-863d-a88425e33ac2,KXU3-25AUG-T4.3,1,2025-08-22T00:12:25.203485Z,18,82,yes
915,e55ab6da-37c6-44ca-a766-0de64a903f87,KXU3-25AUG-T4.3,942,2025-08-21T23:46:30.812994Z,16,84,no
916,6b5bef8e-62aa-41f8-aa52-f69e2db5a41b,KXU3-25AUG-T4.3,58,2025-08-21T23:46:30.812994Z,16,84,no
917,c75bfb42-8a14-4019-9df7-75e67e2142fc,KXU3-25AUG-T4.3,58,2025-08-21T22:43:33.169477Z,16,84,no
918,c3f404a8-9217-4bb8-be84-6092427f2543,KXU3-25AUG-T4.3,2,2025-08-21T22:43:33.169477Z,16,84,no
919,d2a15c85-9d81-4370-95cb-9abb203d985a,KXU3-25AUG-T4.3,2,2025-08-21T20:21:45.612291Z,18,82,yes
920,2a50d3d2-3df4-47e9-ab0d-2cef5bcdf4cd,KXU3-25AUG-T4.3,100,2025-08-21T20:13:50.993124Z,16,84,no
921,fddbee9f-2faa-4fc1-9c30-841d26aada50,KXU3-25AUG-T4.3,300,2025-08-21T19:58:22.352667Z,16,84,no
922,f2c00f0c-97c4-4c63-927c-3affd5a8ac25,KXU3-25AUG-T4.3,48,2025-08-21T19:58:13.764786Z,16,84,no
923,d2ee9e55-b955-446d-8470-ab6783ad6a86,KXU3-25AUG-T4.3,11,2025-08-21T19:58:05.654382Z,17,83,no
924,943b3246-def1-4d00-86af-60d90e09faf0,KXU3-25AUG-T4.3,26,2025-08-21T19:57:57.681329Z,16,84,no
925,654a618c-6be9-469a-ab36-cc5940752134,KXU3-25AUG-T4.3,74,2025-08-21T19:57:57.681329Z,16,84,no
926,d3d80779-5502-48fe-9866-eeb6d1c3f752,KXU3-25AUG-T4.3,20,2025-08-21T19:57:46.798309Z,17,83,no
927,4e9a0f32-1030-466b-8977-cf0fc8042c1c,KXU3-25AUG-T4.3,3,2025-08-21T19:57:46.798309Z,17,83,no
928,b52045da-aa13-47a7-a474-ed2e3335fad0,KXU3-25AUG-T4.3,18,2025-08-21T19:57:35.678489Z,18,82,no
929,171777f2-4e90-4eb5-a6d5-00aa567e3e9d,KXU3-25AUG-T4.3,24,2025-08-21T18:05:08.523047Z,19,81,yes
930,65e3d875-d6f1-477d-b164-5de502d2478b,KXU3-25AUG-T4.3,7,2025-08-21T18:03:55.284903Z,18,82,yes
931,d66d4935-7da8-4308-af6b-8eeeae845f15,KXU3-25AUG-T4.3,2,2025-08-21T17:07:35.314916Z,18,82,yes
932,f1f0c111-e221-4138-815e-a173b1fd2e2a,KXU3-25AUG-T4.3,25,2025-08-21T15:34:44.526408Z,17,83,no
933,e0da7136-6824-4381-bb2e-e1e8c3ca21d4,KXU3-25AUG-T4.3,1,2025-08-21T15:04:24.760073Z,17,83,no
934,72d17672-fd44-4c7b-ae29-4fb813dbb818,KXU3-25AUG-T4.3,194,2025-08-21T14:36:49.813121Z,17,83,no
935,52098b0f-2a35-48c4-863f-3297947ef5e0,KXU3-25AUG-T4.3,62,2025-08-21T14:36:49.813121Z,17,83,no
936,d42fc3f3-65fa-49fd-99b8-ae3f94b446d0,KXU3-25AUG-T4.3,44,2025-08-21T14:36:30.791919Z,18,82,no
937,6fbd6da8-261b-4374-8b5e-1a41061d54a6,KXU3-25AUG-T4.3,1,2025-08-21T13:52:32.065193Z,20,80,yes
938,72aee212-311d-4067-861a-9886b62925c6,KXU3-25AUG-T4.3,5,2025-08-21T13:26:28.827205Z,18,82,no
939,61a250ab-ba32-4de7-82d1-3ca6c381536c,KXU3-25AUG-T4.3,20,2025-08-21T13:26:04.806141Z,20,80,yes
940,c597de63-0c57-4f4e-ab5f-592a9e86ed82,KXU3-25AUG-T4.3,1,2025-08-21T12:38:42.558129Z,18,82,no
941,5091f761-9cbc-4268-8ea4-5770e649cb4e,KXU3-25AUG-T4.3,20,2025-08-21T12:04:38.19759Z,20,80,yes
942,d3ae0c08-4489-423f-87c5-40938ac9f0cf,KXU3-25AUG-T4.3,10,2025-08-21T09:55:47.268384Z,19,81,yes
943,8ec75824-723a-4304-b296-f2503e03d2be,KXU3-25AUG-T4.3,25,2025-08-21T09:55:47.268384Z,20,80,yes
944,87e3da9a-2246-4f30-aaa8-d3c12c3783b3,KXU3-25AUG-T4.3,36,2025-08-21T09:55:47.268384Z,20,80,yes
945,717a3589-fb46-4523-809a-d623686442fc,KXU3-25AUG-T4.3,940,2025-08-21T09:55:47.268384Z,20,80,yes
946,6bcb22bc-8342-4fc1-8995-37b6d3975c72,KXU3-25AUG-T4.3,76,2025-08-21T09:55:47.268384Z,19,81,yes
947,48733cd9-cfc7-4335-8271-6ac1cca989e8,KXU3-25AUG-T4.3,106,2025-08-21T09:55:47.268384Z,19,81,yes
948,5e6c9bf3-cff6-497b-b5f1-c2017183fe93,KXU3-25AUG-T4.3,74,2025-08-21T06:20:47.993811Z,16,84,no
949,da8fbb16-0cc9-494b-9ff2-9a878fa8859c,KXU3-25AUG-T4.3,3,2025-08-21T06:19:23.968864Z,16,84,no
950,a2beee1c-b47b-4e9d-ab4e-c0dad7de1dfe,KXU3-25AUG-T4.3,86,2025-08-21T06:19:23.968864Z,16,84,no
951,947c62d2-2b29-46c6-a54b-0b3527233201,KXU3-25AUG-T4.3,226,2025-08-21T06:19:23.968864Z,16,84,no
952,2a2fcc01-36b0-44f0-9ccb-2660bc101e0d,KXU3-25AUG-T4.3,6,2025-08-21T06:19:23.968864Z,16,84,no
953,088d89ff-629d-43a6-81ca-2662a6adf0b6,KXU3-25AUG-T4.3,79,2025-08-21T06:19:23.968864Z,16,84,no
954,07e15e65-662d-44d3-b1fe-08a02b289c4f,KXU3-25AUG-T4.3,250,2025-08-21T06:18:02.849962Z,16,84,no
955,aba742cb-099b-458a-9ef7-16da5b67d60f,KXU3-25AUG-T4.3,3,2025-08-21T05:51:50.134924Z,16,84,no
956,55ed2222-0a24-4e71-9fad-a2af5606f038,KXU3-25AUG-T4.3,250,2025-08-21T05:48:36.902768Z,16,84,no
957,6f2c319a-d7b8-41f2-af99-4cf5f5740ed1,KXU3-25AUG-T4.3,10,2025-08-21T05:41:42.646679Z,17,83,no
958,a61981ad-87b0-4c3d-97cb-31e17224d309,KXU3-25AUG-T4.3,2,2025-08-21T01:33:48.607895Z,19,81,yes
959,98dc841c-7812-4187-94e6-08a743be86bb,KXU3-25AUG-T4.3,5,2025-08-21T01:33:48.607895Z,19,81,yes
960,8e718837-ab72-4855-932f-3f10f78f9bd9,KXU3-25AUG-T4.3,3,2025-08-21T01:33:48.607895Z,19,81,yes
961,07147ded-1d96-4c52-9e94-528bc5eb1098,KXU3-25AUG-T4.3,391,2025-08-21T00:16:47.593148Z,16,84,no
962,a65dfbd8-0af7-4db5-aa91-80d85d184c49,KXU3-25AUG-T4.3,43,2025-08-21T00:16:38.805688Z,17,83,no
963,a392a025-827e-4d09-9399-7f22145346c9,KXU3-25AUG-T4.3,20,2025-08-21T00:16:38.805688Z,17,83,no
964,84688aa3-e9ed-4dd8-bc8f-f71c2611c668,KXU3-25AUG-T4.3,9,2025-08-21T00:16:38.805688Z,17,83,no
965,72bc91b9-2b23-4265-a773-b5ebe4606cb0,KXU3-25AUG-T4.3,4,2025-08-21T00:16:38.805688Z,17,83,no
966,5ba64c5c-1ff4-44b1-ae2c-a08bd996c75a,KXU3-25AUG-T4.3,1,2025-08-21T00:16:38.805688Z,17,83,no
967,432cb5e6-6f77-4cae-b18c-580222e5c5ed,KXU3-25AUG-T4.3,11,2025-08-21T00:16:38.805688Z,17,83,no
968,06e7654d-1673-4723-8460-ae4803999ade,KXU3-25AUG-T4.3,21,2025-08-21T00:16:38.805688Z,17,83,no
969,deef0297-b8a9-491f-9c7b-7c1774f6c69c,KXU3-25AUG-T4.3,2,2025-08-20T22:53:16.125373Z,17,83,no
970,d8a263fe-785d-4d73-b901-7dfad8765c3e,KXU3-25AUG-T4.3,3,2025-08-20T22:53:16.125373Z,17,83,no
971,eaaac7a0-1930-4477-a74d-38d31cef6de7,KXU3-25AUG-T4.3,4,2025-08-20T22:44:10.140582Z,19,81,yes
972,36a472cb-1a98-427d-a213-d6f90abf5167,KXU3-25AUG-T4.3,9,2025-08-20T22:26:09.091928Z,19,81,yes
973,c1e0da06-aafd-43ea-b7fe-9c5fcf07ac8d,KXU3-25AUG-T4.3,6,2025-08-20T22:10:10.398641Z,17,83,no
974,a7b3033b-789d-4a39-b806-7dfbc651768e,KXU3-25AUG-T4.3,14,2025-08-20T22:10:10.398641Z,17,83,no
975,c80e379b-eeb8-4fb3-b137-fac706bd4594,KXU3-25AUG-T4.3,4,2025-08-20T20:01:55.114069Z,17,83,no
976,60b8e770-8d93-42ea-b7ca-79d6cfe663c9,KXU3-25AUG-T4.3,9,2025-08-20T19:59:53.288403Z,17,83,no
977,4ccbe6c6-6b95-4201-9b47-6dd98d942e0f,KXU3-25AUG-T4.3,7,2025-08-20T19:59:53.288403Z,17,83,no
978,fe527b57-9633-4482-9485-126033fec6e2,KXU3-25AUG-T4.3,5,2025-08-20T18:07:25.94895Z,20,80,yes
979,b2be70a1-9e5a-4158-8c24-2bdef42c25c6,KXU3-25AUG-T4.3,252,2025-08-20T18:07:25.94895Z,20,80,yes
980,870bff87-f0d3-4b5a-97d3-5606a86f661b,KXU3-25AUG-T4.3,35,2025-08-20T18:07:25.94895Z,20,80,yes
981,6b7d33a2-ec66-41b3-bf40-6186d985ab81,KXU3-25AUG-T4.3,8,2025-08-20T18:07:25.94895Z,20,80,yes
982,c6dbe444-4553-4143-9853-11a041ad0193,KXU3-25AUG-T4.3,1,2025-08-20T18:03:10.589606Z,20,80,yes
983,3079b03d-5a0d-4abd-90fc-333716699ea3,KXU3-25AUG-T4.3,6,2025-08-20T16:12:41.740402Z,20,80,yes
984,5356e4bc-7ba7-4583-93c3-e166340de4e7,KXU3-25AUG-T4.3,5,2025-08-20T15:17:26.694131Z,20,80,yes
985,e22fc462-1b63-49f8-a6a2-05269fe6d8de,KXU3-25AUG-T4.3,28,2025-08-20T14:56:56.577768Z,19,81,no
986,f04d6ce8-4cfe-49ff-8876-9962105113d5,KXU3-25AUG-T4.3,100,2025-08-20T14:55:39.794209Z,19,81,no
987,77b6f11e-a0e5-4358-b554-e706a1a42277,KXU3-25AUG-T4.3,6,2025-08-20T13:00:35.162654Z,19,81,yes
988,1d261576-6542-4626-bd15-9acfcc9fd6cc,KXU3-25AUG-T4.3,44,2025-08-20T13:00:35.162654Z,19,81,yes
989,094db3e2-cd74-4e55-abb6-c18f03f03129,KXU3-25AUG-T4.3,22,2025-08-20T13:00:35.162654Z,19,81,yes
990,c8e3af4b-6b24-4e72-b9bd-f970a7080891,KXU3-25AUG-T4.3,1,2025-08-20T05:38:49.643214Z,17,83,no
991,b2a687f2-783e-4ecd-88ca-edf539af25a3,KXU3-25AUG-T4.3,23,2025-08-20T05:38:49.643214Z,17,83,no
992,619860f2-9d95-442c-a754-7ee79ebb4b1a,KXU3-25AUG-T4.3,5,2025-08-20T05:38:49.643214Z,17,83,no
993,4fa30b75-42bd-4e48-9a23-b01c0e40b475,KXU3-25AUG-T4.3,31,2025-08-20T05:38:49.643214Z,17,83,no
994,079e6a5f-de5e-4944-aafa-ad95712f587c,KXU3-25AUG-T4.3,19,2025-08-20T05:38:49.643214Z,17,83,no
995,f51d09b8-e774-4953-a08e-1a9b58eae02f,KXU3-25AUG-T4.3,13,2025-08-20T05:38:42.077201Z,18,82,no
996,ec0caa92-7833-4540-8e12-8553885e5d05,KXU3-25AUG-T4.3,3,2025-08-20T05:38:31.097732Z,18,82,no
997,7f0f8ea9-e0eb-4da6-bb31-0e9c62e2d304,KXU3-25AUG-T4.3,1,2025-08-19T22:10:31.778534Z,19,81,yes
998,71a0165b-4dad-4ea0-9172-86fb8b410d87,KXU3-25AUG-T4.3,5,2025-08-19T20:57:53.833875Z,20,80,yes
999,ade40211-7169-4e18-907c-c9ab65649a3e,KXU3-25AUG-T4.3,1,2025-08-19T20:25:50.341071Z,20,80,yes
1000,89d15d53-cb32-49b8-b316-a03c5be382d3,KXU3-25AUG-T4.3,7,2025-08-19T19:39:50.497849Z,18,82,yes
1001,11750e79-8dc7-46b0-8d9f-b53f75145934,KXU3-25AUG-T4.3,25,2025-08-19T18:59:16.153262Z,17,83,no
1002,74cbc0ad-be07-4a0f-ab7f-fba30b3e8394,KXU3-25AUG-T4.3,10,2025-08-19T15:57:10.672188Z,19,81,no
1003,cfd634ee-b782-4994-9dfa-8875d6adfe63,KXU3-25AUG-T4.3,10,2025-08-19T15:57:02.600356Z,19,81,no
1004,182b7873-f8ae-4d84-b4a0-e4bcfd6e6a29,KXU3-25AUG-T4.3,10,2025-08-19T15:56:54.221017Z,19,81,no
1005,23c3fb4e-a919-4ad5-9de3-a01cdf236054,KXU3-25AUG-T4.3,14,2025-08-19T15:56:46.060244Z,19,81,yes
1006,d4f67dfb-72d7-4fb2-99fb-367c3b4f15f4,KXU3-25AUG-T4.3,1,2025-08-19T13:34:11.616771Z,19,81,yes
1007,c9bc2d64-6c19-4818-bbe1-e21cc82f2233,KXU3-25AUG-T4.3,50,2025-08-19T12:43:04.395359Z,18,82,no
1008,930c7e42-6c77-4a6c-ba44-d16ac194ca27,KXU3-25AUG-T4.3,110,2025-08-19T12:36:51.648812Z,20,80,yes
1009,314ad047-c153-4699-89ac-55a1691f7b4c,KXU3-25AUG-T4.3,250,2025-08-19T12:36:49.012828Z,20,80,yes
1010,ed1721a4-2032-4f27-ace9-6115502b07a9,KXU3-25AUG-T4.3,250,2025-08-19T12:35:06.19739Z,20,80,yes
1011,d7e6a0be-f8f0-498c-b1bb-a2525686b25e,KXU3-25AUG-T4.3,100,2025-08-19T12:26:56.249201Z,20,80,yes
1012,b6c7d67d-742c-4f50-8430-212078b9564b,KXU3-25AUG-T4.3,138,2025-08-19T12:25:12.832822Z,20,80,yes
1013,76acf4a9-99fa-459b-8b30-daa06c1e3a51,KXU3-25AUG-T4.3,136,2025-08-19T12:07:20.15464Z,20,80,yes
1014,2e7e2417-7d9d-4069-977e-93b973a383da,KXU3-25AUG-T4.3,28,2025-08-19T11:57:25.12851Z,20,80,yes
1015,381fc802-e0ca-432b-af2e-8d07610568b6,KXU3-25AUG-T4.3,146,2025-08-19T11:57:18.198227Z,20,80,yes
1016,9c5063c1-6191-4dc6-86a6-56bf6121d6b3,KXU3-25AUG-T4.3,5,2025-08-19T03:06:30.971132Z,20,80,yes
1017,c949f83c-234d-4328-a753-028036810c86,KXU3-25AUG-T4.3,219,2025-08-19T03:04:51.342189Z,20,80,yes
1018,6b9e5c23-c031-4d8e-a653-384674eed9cb,KXU3-25AUG-T4.3,10,2025-08-19T03:03:42.185903Z,20,80,yes
1019,1a27d857-3f2e-418f-8262-4c24e28a5696,KXU3-25AUG-T4.3,264,2025-08-19T02:55:14.470987Z,20,80,yes
1020,0cbee562-2ec3-4e41-88e6-23fc4216c261,KXU3-25AUG-T4.3,312,2025-08-19T02:54:31.231048Z,20,80,yes
1021,7d62d503-eef9-4437-9300-8eb59f396dd8,KXU3-25AUG-T4.3,50,2025-08-19T02:23:04.542742Z,17,83,no
1022,a51b4c0f-9784-4d57-9e4d-1ba1e5034ee8,KXU3-25AUG-T4.3,20,2025-08-18T20:36:25.828348Z,16,84,no
1023,9ab1a3ea-22a6-4f7f-b9d6-58ae41220751,KXU3-25AUG-T4.3,10,2025-08-18T20:36:25.828348Z,16,84,no
1024,b0c7e570-92e1-4b8a-b8cb-f9f45ed41a56,KXU3-25AUG-T4.3,977,2025-08-18T20:00:59.456343Z,20,80,yes
1025,0f29cdc8-b878-43cf-8595-24b15fa8d306,KXU3-25AUG-T4.3,23,2025-08-18T20:00:59.456343Z,20,80,yes
1026,bac5ec36-ace3-4b6c-901e-5e728c5f3e2d,KXU3-25AUG-T4.3,13,2025-08-18T19:56:33.341906Z,19,81,yes
1027,59f2956f-5c47-4f72-93df-dddd42564d3b,KXU3-25AUG-T4.3,9,2025-08-18T19:26:06.004087Z,19,81,yes
