,trade_id,ticker,count,created_time,yes_price,no_price,taker_side
0,9716b2e3-23cb-4490-89d2-e9cb73029219,KXCPICOREYOY-25SEP-T3.3,135,2025-09-04T00:16:54.251484Z,4,96,yes
1,563e028d-a053-4363-a359-a1dbe84987f9,KXCPICOREYOY-25SEP-T3.3,66,2025-09-04T00:16:54.251484Z,6,94,yes
2,4d22885b-18a6-4486-a1c5-68fe0b8a42af,KXCPICOREYOY-25SEP-T3.1,6,2025-09-06T17:43:29.813934Z,39,61,no
3,506c6121-cb14-471f-8237-e4d02d38d2da,KXCPICOREYOY-25SEP-T3.1,23,2025-09-06T04:47:54.366299Z,41,59,yes
4,71f56572-0d4a-4ebe-b70b-3fd6d0eb49f6,KXCPICOREYOY-25SEP-T3.1,25,2025-09-05T14:42:53.497383Z,39,61,yes
5,b10d8201-73f6-4caf-bc8a-8e7a8c668e48,KXCPICOREYOY-25SEP-T3.1,100,2025-09-05T06:30:20.506937Z,38,62,no
6,30597255-a9a8-4853-8f3c-601eaf998914,KXCPICOREYOY-25SEP-T3.1,15,2025-09-04T20:39:39.251178Z,39,61,no
7,5f8d65a5-0b2e-442f-849b-33e899d79be1,KXCPICOREYOY-25SEP-T3.1,25,2025-09-04T20:27:26.132581Z,39,61,no
8,da69bc32-c8bc-4b10-9836-0d0585dc09ec,KXCPICOREYOY-25SEP-T3.1,11,2025-09-04T17:40:13.851865Z,41,59,yes
9,90e5b811-ca2a-42ce-8b9f-f715cad21bb8,KXCPICOREYOY-25SEP-T3.1,3,2025-09-02T18:15:48.245888Z,37,63,no
10,2fab9b45-1fe7-48b1-9481-71f469aaed77,KXCPICOREYOY-25SEP-T3.1,197,2025-09-02T18:15:48.245888Z,35,65,no
11,48b05152-8318-402b-9783-5049a01b95f4,KXCPICOREYOY-25SEP-T3.1,100,2025-09-02T14:20:13.545719Z,38,62,no
12,bf507a18-451a-4b14-8ef7-f8695ef4402a,KXCPICOREYOY-25SEP-T3.1,50,2025-08-30T15:01:02.732696Z,46,54,yes
13,70251646-2aad-476b-a3f4-2ae1a7478de0,KXCPICOREYOY-25SEP-T3.1,400,2025-08-26T14:10:08.096743Z,44,56,no
14,f7bf8608-028d-4d0b-ab20-948d9c56417f,KXCPICOREYOY-25SEP-T3.1,19,2025-08-26T10:09:10.227236Z,46,54,no
15,9870c6f4-daf0-49fc-9d86-59fd84c15ae1,KXCPICOREYOY-25SEP-T3.1,171,2025-08-26T05:41:23.129621Z,46,54,yes
16,c6e6a127-102d-43e6-aeb4-8d5b89d24e16,KXCPICOREYOY-25SEP-T3.1,9,2025-08-26T05:41:17.708157Z,46,54,yes
17,34c02bf5-eb36-4936-8ce2-e968d6f3bc16,KXCPICOREYOY-25SEP-T3.1,20,2025-08-26T05:41:11.633265Z,46,54,yes
18,13098e68-2e05-4f4e-bd92-fc2dc608035d,KXCPICOREYOY-25SEP-T3.1,400,2025-08-25T18:07:45.991702Z,47,53,no
19,ba1ee22a-1f04-464f-b8c3-6ad0fba6d828,KXCPICOREYOY-25SEP-T3.1,155,2025-08-25T13:40:04.483017Z,49,51,no
20,0aa25e3a-f486-4c6f-b59d-582e8284243e,KXCPICOREYOY-25SEP-T3.1,195,2025-08-25T13:08:03.545453Z,50,50,no
21,79adb783-11f6-403a-9d7c-666e196fee45,KXCPICOREYOY-25SEP-T3.1,10,2025-08-25T13:07:44.503551Z,51,49,no
22,2d7efdff-de1f-4b8b-b0de-a3399e8d6eb5,KXCPICOREYOY-25SEP-T3.0,30,2025-09-04T17:39:26.60136Z,65,35,yes
23,98bf2cea-6e01-4a00-ac61-31683d71c416,KXCPICOREYOY-25SEP-T3.0,14,2025-09-03T16:45:16.944047Z,66,34,yes
24,986c7d93-a178-48ae-8109-6fef5d6f052c,KXCPICOREYOY-25SEP-T3.0,130,2025-09-03T04:06:03.31802Z,65,35,yes
25,86e00d23-f845-4cbb-b90b-b85a97acdda7,KXCPICOREYOY-25SEP-T3.0,15,2025-09-03T02:13:19.413588Z,65,35,yes
26,ef26369c-f640-4e16-b8b6-d91e08bcd164,KXCPICOREYOY-25SEP-T3.0,250,2025-09-02T18:10:24.979813Z,65,35,no
27,47fa720e-3406-4386-854e-a3528f44de56,KXCPICOREYOY-25SEP-T3.0,194,2025-08-13T14:02:01.154467Z,72,28,yes
28,3a565b13-717c-44f9-94af-9350db4c118c,KXCPICOREYOY-25SEP-T3.0,500,2025-08-13T14:02:01.154467Z,70,30,yes
29,b9fb942b-6969-4b8d-913e-1349f3e0960f,KXCPICOREYOY-25SEP-T2.9,50,2025-09-06T17:49:07.604656Z,79,21,no
30,06d453aa-4e57-4baa-b476-afba70963d0a,KXCPICOREYOY-25SEP-T2.9,65,2025-09-02T18:06:20.25677Z,76,24,no
31,00e982a8-352e-4410-be2a-7a458e4c06f1,KXCPICOREYOY-25SEP-T2.9,135,2025-09-02T18:06:20.25677Z,78,22,no
32,f935248e-e398-4e6a-a833-d4901f8be2f1,KXCPICOREYOY-25SEP-T2.8,125,2025-09-02T18:02:23.040837Z,87,13,no
33,e8207543-1e34-45d3-821c-c5d522161ed7,KXCPICOREYOY-25SEP-T2.8,17,2025-08-24T10:07:27.245341Z,89,11,no
34,25e4e606-7c96-4fae-83ff-7ea4e74fb7aa,KXCPICOREYOY-25SEP-T2.8,13,2025-08-24T10:07:27.245341Z,89,11,no
35,de1b89e4-4249-4392-8f69-195e77b812d2,KXCPICOREYOY-25SEP-T2.7,100,2025-09-02T17:59:34.259614Z,93,7,no
36,3afbed8e-fa4d-4f3e-ae70-8a443ffd2958,KXCPICOREYOY-25SEP-T2.7,100,2025-09-02T17:59:34.259614Z,92,8,no
37,c553a30d-34b6-48d8-9962-63eceaadbef3,KXCPICOREYOY-25AUG-T3.3,89,2025-09-06T23:03:31.0346Z,1,99,no
38,4fcdc6cd-edb9-4cff-b863-fb0d6aad2916,KXCPICOREYOY-25AUG-T3.3,25,2025-09-06T23:03:31.0346Z,1,99,no
39,dc9eeccb-eeca-4050-b1bc-0087a68ddfd1,KXCPICOREYOY-25AUG-T3.3,9,2025-09-06T15:45:57.53167Z,1,99,no
40,1adbfabf-37ff-49f4-819b-e5fe735578e8,KXCPICOREYOY-25AUG-T3.3,200,2025-09-06T15:45:57.53167Z,1,99,no
41,57fa3be9-28ff-49c1-92a0-faf38ac5c761,KXCPICOREYOY-25AUG-T3.3,25,2025-09-06T05:29:12.77584Z,2,98,no
42,06cb1190-7954-4cf5-b14c-b3749b2be91d,KXCPICOREYOY-25AUG-T3.3,1,2025-09-06T05:29:12.77584Z,4,96,no
43,f496ce4e-01d9-4054-922e-ad1d11640c5b,KXCPICOREYOY-25AUG-T3.3,199,2025-08-29T06:15:57.243868Z,8,92,yes
44,d07738e9-8157-4bf6-831b-1b4a06b50340,KXCPICOREYOY-25AUG-T3.3,435,2025-08-29T06:15:57.243868Z,8,92,yes
45,c00f7d80-53ac-4083-8bb1-1741deb5bb2f,KXCPICOREYOY-25AUG-T3.3,10,2025-08-29T06:15:57.243868Z,8,92,yes
46,55eea23a-14ec-4c0d-ba92-568e8d42fd37,KXCPICOREYOY-25AUG-T3.3,359,2025-08-29T06:15:57.243868Z,10,90,yes
47,4fd15c1f-2aed-4b05-9e1f-86795f41d881,KXCPICOREYOY-25AUG-T3.3,1,2025-08-29T06:15:57.243868Z,7,93,yes
48,e2a0c8ba-6459-4853-9795-e95045a65b1f,KXCPICOREYOY-25AUG-T3.3,29,2025-08-26T17:57:19.935574Z,6,94,yes
49,69d4b207-7062-4c15-9fcd-8a4d362e7826,KXCPICOREYOY-25AUG-T3.3,1,2025-08-26T17:57:19.935574Z,8,92,yes
50,7601fbe1-c45c-4ee5-ae3f-d29869fb2ceb,KXCPICOREYOY-25AUG-T3.3,121,2025-08-23T02:30:37.424636Z,4,96,yes
51,2b906977-2891-4bcb-910b-df4a19b33da3,KXCPICOREYOY-25AUG-T3.3,150,2025-08-23T02:30:37.424636Z,3,97,yes
52,f76f56d0-0cde-4f09-8317-af535118abee,KXCPICOREYOY-25AUG-T3.3,50,2025-08-22T15:47:58.209213Z,2,98,no
53,a97f15ca-bc87-456a-8be7-35b095c45be0,KXCPICOREYOY-25AUG-T3.3,277,2025-08-22T15:47:58.209213Z,2,98,no
54,1c0d5a2a-381a-4d67-941e-6491d601f9a3,KXCPICOREYOY-25AUG-T3.3,495,2025-08-22T00:10:33.58951Z,3,97,no
55,09c27aad-8e80-431c-b469-4dee5d6c4aed,KXCPICOREYOY-25AUG-T3.3,50,2025-08-22T00:10:33.58951Z,3,97,no
56,eea37aeb-2e67-48bf-a1ea-ae00f21a2ccf,KXCPICOREYOY-25AUG-T3.3,11,2025-08-21T19:34:19.858026Z,4,96,no
57,78695291-9f21-43ba-b7a5-f1da29251162,KXCPICOREYOY-25AUG-T3.3,16,2025-08-13T12:08:10.550668Z,4,96,no
58,95092d19-9337-4253-9fbd-8463e7fbdc25,KXCPICOREYOY-25AUG-T3.3,50,2025-08-13T12:05:50.663007Z,4,96,no
59,1979a871-cedb-48df-9cd6-b7215d286556,KXCPICOREYOY-25AUG-T3.3,4,2025-08-12T20:15:39.839094Z,6,94,yes
60,e6728137-3118-4dd2-914c-353333cfd79a,KXCPICOREYOY-25AUG-T3.3,1,2025-08-12T20:02:38.210324Z,6,94,yes
61,da5d093e-b9c1-4e55-9c4c-8f7580f9ed4d,KXCPICOREYOY-25AUG-T3.2,41,2025-09-06T23:16:21.314603Z,3,97,yes
62,09a4cd74-cedc-472a-88f1-bb9c0cd03149,KXCPICOREYOY-25AUG-T3.2,45,2025-09-06T23:03:41.730062Z,3,97,yes
63,81a53390-add5-4aba-bcd8-59e0c73058b3,KXCPICOREYOY-25AUG-T3.2,288,2025-09-06T23:03:36.910361Z,3,97,no
64,677443d2-325d-48f1-a2d4-70515bba8fc8,KXCPICOREYOY-25AUG-T3.2,240,2025-09-06T23:03:36.910361Z,3,97,no
65,4e3f1f2a-83a0-464e-8071-78b9fe8c71b3,KXCPICOREYOY-25AUG-T3.2,25,2025-09-06T23:03:36.910361Z,4,96,no
66,369bf1af-20e1-4157-921c-d7f022d78998,KXCPICOREYOY-25AUG-T3.2,350,2025-09-06T23:03:36.910361Z,3,97,no
67,c0416850-5d97-4609-837e-f858240d1297,KXCPICOREYOY-25AUG-T3.2,15,2025-09-06T05:29:06.959685Z,7,93,no
68,aab4a27a-12cd-4309-83da-968e42fe1549,KXCPICOREYOY-25AUG-T3.2,25,2025-09-06T05:29:06.959685Z,6,94,no
69,84f84b29-3615-4327-9cf8-5403580953ec,KXCPICOREYOY-25AUG-T3.2,395,2025-09-06T05:29:06.959685Z,9,91,no
70,80818f8c-8279-43e6-98b6-b73773d6bcec,KXCPICOREYOY-25AUG-T3.2,4,2025-09-06T05:29:06.959685Z,9,91,no
71,4fcb9b5a-9177-4a8e-8f73-f7d630bb12ec,KXCPICOREYOY-25AUG-T3.2,1000,2025-09-06T05:29:06.959685Z,5,95,no
72,4919e390-62a5-4a94-a7f6-fb64614afb30,KXCPICOREYOY-25AUG-T3.2,1000,2025-09-06T05:29:06.959685Z,7,93,no
73,48817f53-f227-41b8-8099-e1ef8140b090,KXCPICOREYOY-25AUG-T3.2,65,2025-09-06T05:29:06.959685Z,8,92,no
74,2b2836d1-f5fd-4ec7-8dab-1b156e3bf2cf,KXCPICOREYOY-25AUG-T3.2,200,2025-09-06T05:29:06.959685Z,4,96,no
75,56f2542f-c183-405a-88e4-ada78d2cfed2,KXCPICOREYOY-25AUG-T3.2,1,2025-09-05T20:22:00.311912Z,9,91,no
76,19cf9344-cf23-4b20-abc2-dcc64f7c4fcf,KXCPICOREYOY-25AUG-T3.2,8,2025-09-05T20:22:00.311912Z,9,91,no
77,099d499d-12e1-4277-bf2a-1fafa5f192f8,KXCPICOREYOY-25AUG-T3.2,5,2025-09-05T20:22:00.311912Z,10,90,no
78,a29ed114-2cf9-4610-851b-900fa4c48d7a,KXCPICOREYOY-25AUG-T3.2,5,2025-09-02T04:09:33.286991Z,13,87,yes
79,88a84368-fdfb-456d-a54c-ccd97484a463,KXCPICOREYOY-25AUG-T3.2,9,2025-09-02T04:09:33.286991Z,13,87,yes
80,210e4200-8491-4d29-9afe-14a3bf275ee7,KXCPICOREYOY-25AUG-T3.2,2,2025-08-29T02:14:40.984463Z,9,91,no
81,d0a44ad6-02b2-438e-980c-8c8d61d00141,KXCPICOREYOY-25AUG-T3.2,1,2025-08-26T17:57:51.958067Z,14,86,yes
82,45438178-eb49-4214-a642-d3739acb6549,KXCPICOREYOY-25AUG-T3.2,25,2025-08-26T17:57:51.958067Z,14,86,yes
83,f4482d81-66b7-4116-bfab-33b66946bc8a,KXCPICOREYOY-25AUG-T3.2,15,2025-08-23T02:30:25.371947Z,12,88,yes
84,c75db103-d544-4ebb-acab-00f25000bd85,KXCPICOREYOY-25AUG-T3.2,10,2025-08-23T02:30:25.371947Z,13,87,yes
85,28d26e24-0f4c-4482-a541-151837800092,KXCPICOREYOY-25AUG-T3.2,10,2025-08-23T02:30:25.371947Z,13,87,yes
86,1e723898-2b17-4bb4-ac05-b799ba4c091a,KXCPICOREYOY-25AUG-T3.2,50,2025-08-23T02:30:25.371947Z,10,90,yes
87,c1ba9349-7399-4cc9-8f39-639912a678ee,KXCPICOREYOY-25AUG-T3.2,15,2025-08-20T14:59:17.329655Z,11,89,no
88,879786eb-406c-40bf-a550-b4875325149f,KXCPICOREYOY-25AUG-T3.2,10,2025-08-13T04:27:36.924292Z,15,85,yes
89,575663b8-0e71-419d-bf50-4424221d536f,KXCPICOREYOY-25AUG-T3.2,10,2025-08-13T04:26:36.768361Z,15,85,yes
90,511af77e-061a-4b4d-9482-72e9c64aaeed,KXCPICOREYOY-25AUG-T3.2,10,2025-08-13T04:26:06.88898Z,15,85,yes
91,dddd89a7-f3d4-444f-8e04-3f524510aba5,KXCPICOREYOY-25AUG-T3.2,10,2025-08-13T04:25:07.117436Z,15,85,yes
92,7af05d0e-969f-489a-99ae-006ec2afb395,KXCPICOREYOY-25AUG-T3.2,5,2025-08-12T23:51:38.462853Z,13,87,no
93,3bc1ba54-861b-4475-b657-41f7f9394501,KXCPICOREYOY-25AUG-T3.2,145,2025-08-12T23:51:38.462853Z,13,87,no
94,a9c5887e-acea-405d-bf69-f9437cba3e72,KXCPICOREYOY-25AUG-T3.2,5,2025-08-12T18:01:25.413465Z,13,87,no
95,fa151872-3cfb-4fb3-9e7e-284599211737,KXCPICOREYOY-25AUG-T3.2,34,2025-08-12T15:51:21.108011Z,13,87,no
96,89e25b2e-c153-4aeb-879b-7ff3b79779d7,KXCPICOREYOY-25AUG-T3.2,10,2025-08-12T15:51:21.108011Z,13,87,no
97,5b7687e5-3f2b-443f-b4ab-6e3e8b2e0370,KXCPICOREYOY-25AUG-T3.2,6,2025-08-12T15:51:21.108011Z,13,87,no
98,d795a1af-acac-4df3-b3d7-67a2dac5fe7c,KXCPICOREYOY-25AUG-T3.2,10,2025-08-05T13:36:36.675521Z,10,90,no
99,64e31762-75da-4483-aff5-d327df105fbd,KXCPICOREYOY-25AUG-T3.2,10,2025-07-29T20:29:34.674421Z,9,91,no
100,310a0c50-d08d-466c-8986-dca56a70587f,KXCPICOREYOY-25AUG-T3.2,10,2025-07-29T19:49:33.99718Z,10,90,no
101,782a77d7-2031-4ca3-a9aa-cec27c4218a1,KXCPICOREYOY-25AUG-T3.2,10,2025-07-29T19:40:13.636842Z,10,90,no
102,7b0051c5-c96f-4612-8af3-443af554b4a9,KXCPICOREYOY-25AUG-T3.1,6,2025-09-07T03:00:58.410741Z,28,72,yes
103,7329b901-3eff-4433-a1d6-ce1edda05dac,KXCPICOREYOY-25AUG-T3.1,66,2025-09-07T03:00:58.410741Z,26,74,yes
104,0ea5d1de-6ce4-4d22-9342-1f1bd94b97e3,KXCPICOREYOY-25AUG-T3.1,30,2025-09-05T20:21:39.974238Z,23,77,no
105,e864ae32-8ce8-42e2-9937-e09abc9fcb84,KXCPICOREYOY-25AUG-T3.1,30,2025-09-03T16:00:08.850744Z,30,70,yes
106,0de6a6bb-098d-4d12-83e0-c1a1c3d7008c,KXCPICOREYOY-25AUG-T3.1,55,2025-09-02T22:34:35.017681Z,30,70,yes
107,9d2aefdc-ab79-4c55-b48c-4ca3b56d3271,KXCPICOREYOY-25AUG-T3.1,65,2025-08-30T00:34:02.867044Z,29,71,yes
108,fcb75449-302d-45a2-b9e4-c9e30fc4384b,KXCPICOREYOY-25AUG-T3.1,10,2025-08-27T05:38:04.037136Z,28,72,yes
109,a5f2c9eb-7809-4dd6-89b7-3b6d4890d41a,KXCPICOREYOY-25AUG-T3.1,10,2025-08-23T02:30:09.205541Z,28,72,yes
110,f278ccab-62d2-4429-a793-f9e0977345b1,KXCPICOREYOY-25AUG-T3.1,25,2025-08-23T02:30:08.965614Z,27,73,yes
111,f21d227a-ab1e-4034-9dcb-907c27159771,KXCPICOREYOY-25AUG-T3.1,10,2025-08-23T02:30:08.965614Z,27,73,yes
112,a5e72d09-6315-43a9-8c10-3257137a925d,KXCPICOREYOY-25AUG-T3.1,65,2025-08-20T02:41:36.026331Z,29,71,yes
113,095272d1-33b1-465f-a36d-761af158345c,KXCPICOREYOY-25AUG-T3.1,19,2025-08-14T16:36:53.066553Z,23,77,no
114,c20426ee-0387-452d-bf0e-af374cf8bce5,KXCPICOREYOY-25AUG-T3.1,15,2025-08-14T16:26:45.659804Z,24,76,no
115,548c04c7-1e03-4c77-a595-87a2ba55b784,KXCPICOREYOY-25AUG-T3.1,10,2025-08-13T12:08:54.195984Z,28,72,yes
116,af6fe4f0-200c-4c7b-a262-789002796cc8,KXCPICOREYOY-25AUG-T3.1,10,2025-08-13T12:07:53.819319Z,28,72,yes
117,5d6b1b17-7a53-4c1f-b7fe-e1e396ac2a6f,KXCPICOREYOY-25AUG-T3.1,10,2025-08-13T12:07:24.024835Z,28,72,yes
118,31554057-1a67-4ef1-a1d0-8d3a71fc61da,KXCPICOREYOY-25AUG-T3.1,10,2025-08-13T12:06:53.768996Z,28,72,yes
119,deafa692-a002-4faf-8ad1-441003ec4756,KXCPICOREYOY-25AUG-T3.1,10,2025-08-13T12:06:23.396949Z,28,72,yes
120,c3146148-5155-4990-85ab-16472c1595a4,KXCPICOREYOY-25AUG-T3.1,197,2025-08-13T04:33:15.06561Z,26,74,no
121,64e82ff0-8266-41b1-b60d-658c80d72dc6,KXCPICOREYOY-25AUG-T3.1,34,2025-08-13T04:33:15.06561Z,29,71,no
122,53c8052b-7f09-45c3-b297-58c2f63954b7,KXCPICOREYOY-25AUG-T3.1,10,2025-08-13T04:33:15.06561Z,27,73,no
123,17f53a80-cf12-437b-9320-f07d42e844e5,KXCPICOREYOY-25AUG-T3.1,159,2025-08-13T04:33:15.06561Z,28,72,no
124,c0b0d100-41e7-4769-a070-7194feff1e9f,KXCPICOREYOY-25AUG-T3.1,15,2025-08-13T04:27:07.144621Z,30,70,yes
125,347acb5e-95d0-4248-8c7b-21c254023952,KXCPICOREYOY-25AUG-T3.1,5,2025-08-13T04:26:36.769038Z,29,71,yes
126,ebe71d7d-485d-47b8-879b-b14a10e2e084,KXCPICOREYOY-25AUG-T3.1,10,2025-08-13T04:26:07.044392Z,29,71,yes
127,71f18f2a-603d-4903-a5b1-937bf66e457b,KXCPICOREYOY-25AUG-T3.1,10,2025-08-13T04:25:06.902113Z,29,71,yes
128,b92d8f25-5255-46bf-b375-eb6f79cbe43a,KXCPICOREYOY-25AUG-T3.1,50,2025-08-13T04:24:06.835767Z,29,71,yes
129,46019344-6332-4ce5-9a23-4afabb24846f,KXCPICOREYOY-25AUG-T3.1,5,2025-08-06T12:59:05.663682Z,23,77,no
130,02f6e939-2ea4-4965-840c-5399911007f5,KXCPICOREYOY-25AUG-T3.1,14,2025-08-06T12:59:05.663682Z,22,78,no
131,be65835f-6cba-426f-be72-60d7456516ad,KXCPICOREYOY-25AUG-T3.1,3,2025-08-05T23:47:00.521266Z,24,76,no
132,8ab1b0cc-e847-40cc-b554-30052a77ef6e,KXCPICOREYOY-25AUG-T3.1,7,2025-08-05T19:55:24.431992Z,24,76,no
133,89adea48-c5fb-4810-bcee-9b9ba092dd71,KXCPICOREYOY-25AUG-T3.1,1,2025-08-05T19:55:24.431992Z,24,76,no
134,a172edfa-0f17-4ad1-aa25-17d1abdb5413,KXCPICOREYOY-25AUG-T3.1,10,2025-07-31T21:16:29.93355Z,22,78,no
135,a27b586c-feb3-4af5-b3f5-5a3be2a751f4,KXCPICOREYOY-25AUG-T3.1,1,2025-07-31T19:14:43.384561Z,22,78,no
136,51b76020-69d0-42a6-9da6-97b00b2a8d1f,KXCPICOREYOY-25AUG-T3.1,9,2025-07-31T19:14:43.384561Z,22,78,no
137,abe223b4-b997-463d-9a66-02a0ba2b23af,KXCPICOREYOY-25AUG-T3.1,10,2025-07-29T20:07:59.077741Z,22,78,no
138,909de71a-fed5-4b17-afad-a18ffe551aeb,KXCPICOREYOY-25AUG-T3.1,10,2025-07-29T19:27:52.395139Z,22,78,no
139,918bf1fb-ff46-4585-a12f-4583e5a2b5d4,KXCPICOREYOY-25AUG-T3.0,11,2025-09-06T12:31:48.502494Z,60,40,no
140,ec3bc3f6-baeb-4c6f-b63e-cd945a8f5ffb,KXCPICOREYOY-25AUG-T3.0,23,2025-09-02T09:18:13.926563Z,64,36,yes
141,d65814ca-b894-4367-9546-5f392717dce2,KXCPICOREYOY-25AUG-T3.0,10,2025-09-02T09:18:13.926563Z,64,36,yes
142,a7354284-d663-4786-b43b-7aef309f5218,KXCPICOREYOY-25AUG-T3.0,8,2025-08-27T21:49:17.250266Z,64,36,yes
143,392cecf4-2211-46c2-aeff-da8f954c7bb2,KXCPICOREYOY-25AUG-T3.0,37,2025-08-27T21:49:17.250266Z,64,36,yes
144,d66084d0-8c1d-4688-9150-58d80b94c60b,KXCPICOREYOY-25AUG-T3.0,5,2025-08-27T16:05:57.638668Z,63,37,yes
145,2b5850dc-8d43-4eec-87c0-3a0bd598ec96,KXCPICOREYOY-25AUG-T3.0,2,2025-08-27T16:05:57.638668Z,64,36,yes
146,a0560663-23c6-4278-8668-d66c882915da,KXCPICOREYOY-25AUG-T3.0,6,2025-08-26T14:25:57.78219Z,64,36,yes
147,8df6ecee-248e-4340-911b-9897a33df086,KXCPICOREYOY-25AUG-T3.0,4,2025-08-26T14:25:57.78219Z,64,36,yes
148,35590b25-554b-4b05-a137-f0623b37fba2,KXCPICOREYOY-25AUG-T3.0,87,2025-08-26T14:25:57.78219Z,64,36,yes
149,f7deeea8-a8c2-405a-97d6-0654bd864103,KXCPICOREYOY-25AUG-T3.0,250,2025-08-26T01:25:43.239903Z,57,43,no
150,08552d15-e9fb-4525-bb30-f14e3b7b9d7d,KXCPICOREYOY-25AUG-T3.0,22,2025-08-25T18:13:09.722043Z,57,43,no
151,771b0cc8-85ee-4a3a-a671-218b9a276c20,KXCPICOREYOY-25AUG-T3.0,15,2025-08-25T17:14:24.500204Z,63,37,yes
152,55d5b56c-e1d2-476c-8f8c-265042c23d2e,KXCPICOREYOY-25AUG-T3.0,127,2025-08-24T17:40:15.57978Z,55,45,no
153,3de29230-7a5b-4d94-9ad0-fa2a3d72c7ad,KXCPICOREYOY-25AUG-T3.0,17,2025-08-24T17:40:15.57978Z,57,43,no
154,29b0f51d-e67e-40f8-bf3e-243c5f8c8023,KXCPICOREYOY-25AUG-T3.0,9,2025-08-24T17:40:15.57978Z,57,43,no
155,e004faaa-c158-4a3b-9abf-0463e9005af4,KXCPICOREYOY-25AUG-T3.0,10,2025-08-23T02:29:53.147094Z,63,37,yes
156,2a174c4e-67d6-476d-b93d-5714aef8787c,KXCPICOREYOY-25AUG-T3.0,4,2025-08-23T02:29:53.147094Z,64,36,yes
157,02cee0b2-09e5-43f8-a555-3287c500b55d,KXCPICOREYOY-25AUG-T3.0,1,2025-08-23T02:29:53.147094Z,63,37,yes
158,4225c6cc-0941-459e-98de-128f48132dfe,KXCPICOREYOY-25AUG-T3.0,250,2025-08-21T19:33:42.063211Z,63,37,yes
159,2348acc9-2a44-4169-bfb2-de9381cab8cf,KXCPICOREYOY-25AUG-T3.0,57,2025-08-21T17:23:48.834572Z,63,37,yes
160,3943cbe3-f8e8-42d8-b590-2466b24d6dc1,KXCPICOREYOY-25AUG-T3.0,10,2025-08-17T18:51:51.581494Z,63,37,yes
161,85992d82-4c9f-4668-a9d0-6913b6ead7fd,KXCPICOREYOY-25AUG-T3.0,15,2025-08-13T19:48:34.648395Z,62,38,yes
162,35a99ead-2142-4b3c-9ac3-21ee2515224c,KXCPICOREYOY-25AUG-T3.0,1,2025-08-13T19:34:19.135797Z,62,38,yes
163,32d12533-a694-436f-a163-5916bea226db,KXCPICOREYOY-25AUG-T3.0,1,2025-08-13T19:34:19.135797Z,62,38,yes
164,f2b77b6a-7d99-4060-8485-39b9b7cbd949,KXCPICOREYOY-25AUG-T3.0,1,2025-08-13T19:33:02.529468Z,61,39,yes
165,06887c10-ae51-440d-a66f-7f11588fd000,KXCPICOREYOY-25AUG-T3.0,31,2025-08-13T19:33:02.529468Z,62,38,yes
166,9f364331-b8ce-44ab-843a-6accba4d4f58,KXCPICOREYOY-25AUG-T3.0,33,2025-08-13T17:52:54.179752Z,62,38,yes
167,8af2610a-79cc-451a-8a9f-74e60ffdb71c,KXCPICOREYOY-25AUG-T3.0,38,2025-08-13T12:29:13.747308Z,63,37,yes
168,8c3b4d71-f3de-4b5e-a77a-5afe254d8722,KXCPICOREYOY-25AUG-T3.0,10,2025-08-13T12:06:53.76298Z,62,38,yes
169,b28e7cc5-6c8c-4a91-b7de-4369f2b26a3b,KXCPICOREYOY-25AUG-T3.0,10,2025-08-13T12:04:46.358369Z,62,38,yes
170,9a6b8341-a653-47bb-b774-39206818bea6,KXCPICOREYOY-25AUG-T3.0,10,2025-08-13T04:30:07.173582Z,63,37,yes
171,36adc17d-d13c-41ba-8895-a2ab4fec2083,KXCPICOREYOY-25AUG-T3.0,10,2025-08-13T04:29:56.120744Z,63,37,yes
172,49186b66-8e55-42f6-bd21-b8408ac41a59,KXCPICOREYOY-25AUG-T3.0,10,2025-08-13T04:26:36.771582Z,63,37,yes
173,5c331fb4-bb07-49e9-b72c-b2b097d491dd,KXCPICOREYOY-25AUG-T3.0,10,2025-08-13T04:25:36.943155Z,63,37,yes
174,892cb188-4d20-4b93-9c6e-3640eaf28e64,KXCPICOREYOY-25AUG-T3.0,6,2025-08-13T04:24:36.61685Z,63,37,yes
175,4e8d4bc3-d26d-4d6d-bb41-a20da0173d49,KXCPICOREYOY-25AUG-T3.0,4,2025-08-13T04:24:36.61685Z,63,37,yes
176,a292e1d4-fe61-4244-a791-baea2ef42b7c,KXCPICOREYOY-25AUG-T3.0,38,2025-08-12T20:15:35.292994Z,64,36,yes
177,b56a62c1-cbb7-485d-8528-ded5624fdc91,KXCPICOREYOY-25AUG-T3.0,210,2025-08-12T19:26:18.03135Z,63,37,yes
178,ae873639-0e5c-4b09-b447-d2c7b1fce681,KXCPICOREYOY-25AUG-T3.0,102,2025-08-12T19:26:18.03135Z,61,39,yes
179,9a7680a5-a49a-4a58-b4b4-28cc97968b66,KXCPICOREYOY-25AUG-T3.0,24,2025-08-12T14:24:34.641899Z,59,41,yes
180,400860b5-4e40-4ace-ad79-5147d1f3cd66,KXCPICOREYOY-25AUG-T3.0,20,2025-08-12T14:12:33.550486Z,53,47,no
181,c34c0bcf-7fb9-43e1-828b-56e98b981e84,KXCPICOREYOY-25AUG-T3.0,23,2025-08-12T13:14:42.420942Z,51,49,yes
182,7fe6df4d-ee83-43f9-8bb4-4a324eec183f,KXCPICOREYOY-25AUG-T3.0,400,2025-08-12T13:14:42.420942Z,53,47,yes
183,4b1b64c2-e183-47cc-b983-aaa0303f9bd1,KXCPICOREYOY-25AUG-T3.0,49,2025-08-08T09:54:51.795011Z,51,49,yes
184,20b04820-b2b4-46ce-8fab-d591fef84e3a,KXCPICOREYOY-25AUG-T3.0,23,2025-08-06T13:00:05.885378Z,53,47,no
185,6b48e797-8e59-4168-9a3a-835ffa6360e2,KXCPICOREYOY-25AUG-T3.0,9,2025-08-06T12:59:11.31619Z,53,47,no
186,59970b89-6432-47db-97f9-36028d865813,KXCPICOREYOY-25AUG-T3.0,1,2025-08-06T04:16:49.692443Z,53,47,no
187,55853b4f-874b-4120-bfed-db24c50eb4ca,KXCPICOREYOY-25AUG-T3.0,10,2025-08-06T04:16:44.286086Z,53,47,no
188,cf02576b-6fdb-49e8-a5ec-2a07dee9618a,KXCPICOREYOY-25AUG-T3.0,10,2025-08-06T04:01:00.429084Z,53,47,no
189,a5a2dac8-79db-477b-b498-4612cfd49f9c,KXCPICOREYOY-25AUG-T3.0,10,2025-08-06T03:51:51.371738Z,53,47,no
190,9740aefe-1219-44a6-90b7-e9fef1dde1f8,KXCPICOREYOY-25AUG-T3.0,10,2025-08-06T03:41:58.34207Z,53,47,no
191,19b6742d-4aed-41bb-ba15-2464761a2fe7,KXCPICOREYOY-25AUG-T3.0,10,2025-08-06T01:17:29.961113Z,53,47,no
192,a505d32d-e8fe-4adc-8e9b-f0c5e305ada3,KXCPICOREYOY-25AUG-T3.0,10,2025-08-05T23:47:00.767843Z,53,47,no
193,c24a6fe8-d8ce-4523-8d7e-f03c4a09027c,KXCPICOREYOY-25AUG-T3.0,10,2025-08-05T23:34:22.801618Z,54,46,yes
194,19b1983a-a5e4-4744-935c-89795a77a637,KXCPICOREYOY-25AUG-T3.0,10,2025-08-05T23:32:36.842257Z,53,47,no
195,b75d50d4-e35d-495e-a449-bd5c4a5182f6,KXCPICOREYOY-25AUG-T3.0,10,2025-08-05T21:16:54.034771Z,53,47,no
196,ac3d3445-7541-4224-b25a-3ac343f25b75,KXCPICOREYOY-25AUG-T3.0,10,2025-08-05T20:16:53.947082Z,53,47,no
197,f04c5115-2eea-4641-b9fb-553a5a9f142f,KXCPICOREYOY-25AUG-T3.0,10,2025-08-05T19:55:54.448078Z,53,47,no
198,db5da25f-dde8-40d8-a905-488dcac407e6,KXCPICOREYOY-25AUG-T3.0,67,2025-08-05T18:58:51.496189Z,53,47,yes
199,8c560139-acd3-40ea-bcb9-ef5261478712,KXCPICOREYOY-25AUG-T3.0,10,2025-07-31T19:15:43.368564Z,41,59,no
200,d7db6048-ce3b-4621-85e7-2b077fdc00c3,KXCPICOREYOY-25AUG-T3.0,11,2025-07-31T04:21:36.772421Z,49,51,yes
201,ae29ecc6-41fc-4bb8-b871-b99c946b34f5,KXCPICOREYOY-25AUG-T3.0,55,2025-07-31T04:21:36.772421Z,49,51,yes
202,2d9fe20d-a9ec-49ac-94bb-4b83927acfc6,KXCPICOREYOY-25AUG-T3.0,5,2025-07-31T04:21:36.772421Z,49,51,yes
203,90ecc106-ae0d-49b7-8516-b435f7436d0a,KXCPICOREYOY-25AUG-T3.0,10,2025-07-29T20:26:43.759012Z,41,59,no
204,3d3a5845-0a54-4b43-9f09-894f35f38173,KXCPICOREYOY-25AUG-T3.0,10,2025-07-29T20:09:56.009135Z,41,59,no
205,f8691403-0012-464a-8ecc-5109e1622a7f,KXCPICOREYOY-25AUG-T3.0,10,2025-07-29T19:50:39.902323Z,41,59,no
206,cafc5e88-92b3-4dd5-9de6-091ac3ea9fc1,KXCPICOREYOY-25AUG-T3.0,10,2025-07-29T19:31:12.60442Z,42,58,no
207,2e2744fa-a466-445e-bc74-a5337da91919,KXCPICOREYOY-25AUG-T3.0,32,2025-07-27T02:23:57.882777Z,35,65,no
208,04b91491-7a9f-4d37-b00e-b7f22265fa91,KXCPICOREYOY-25AUG-T3.0,13,2025-07-27T02:23:57.882777Z,33,67,no
209,7d652c54-b9bb-44c9-b4b0-5ae42408c767,KXCPICOREYOY-25AUG-T3.0,5,2025-07-23T21:41:10.919903Z,37,63,no
210,7696712c-6667-428d-8312-a53c462f7433,KXCPICOREYOY-25AUG-T3.0,5,2025-07-23T21:18:03.248809Z,37,63,no
211,433b3945-9f19-484b-bb34-16f6139de19c,KXCPICOREYOY-25AUG-T3.0,10,2025-07-17T17:03:36.176351Z,36,64,no
212,bd4160c0-9d9b-4e07-846e-12a32201f2ac,KXCPICOREYOY-25AUG-T3.0,10,2025-07-17T15:44:08.585936Z,36,64,no
213,88bcb24c-f762-4a26-919f-dc6e4530da01,KXCPICOREYOY-25AUG-T3.0,25,2025-07-17T13:13:53.740068Z,36,64,no
214,55697044-b84c-4232-aefb-a836da9f2758,KXCPICOREYOY-25AUG-T3.0,25,2025-07-17T13:13:53.740068Z,36,64,no
215,e726fa08-5bbe-440a-945e-cfc0a6b9634d,KXCPICOREYOY-25AUG-T2.9,50,2025-08-29T06:16:01.897768Z,82,18,no
216,bd22d7d1-8608-44f3-95ee-b50340eca0f3,KXCPICOREYOY-25AUG-T2.9,208,2025-08-29T06:16:01.897768Z,81,19,no
217,9e5917aa-6ae7-4537-8076-482e4fd2add8,KXCPICOREYOY-25AUG-T2.9,133,2025-08-29T06:16:01.897768Z,82,18,no
218,506589ae-96d5-4659-8991-dd5ca8ce2398,KXCPICOREYOY-25AUG-T2.9,16,2025-08-29T06:16:01.897768Z,85,15,no
219,9c6e1dd2-67e0-4784-a492-690d5d12fc13,KXCPICOREYOY-25AUG-T2.9,22,2025-08-26T14:25:09.417912Z,88,12,yes
220,89e56522-f5f5-473a-9457-a732806de9af,KXCPICOREYOY-25AUG-T2.9,13,2025-08-24T15:45:34.403407Z,85,15,no
221,96c9eb5f-8542-473c-b1cb-deeb6a1a7210,KXCPICOREYOY-25AUG-T2.9,2,2025-08-24T15:39:25.379162Z,88,12,yes
222,c285a264-6efa-4dc9-b245-6d0487fa5da0,KXCPICOREYOY-25AUG-T2.9,382,2025-08-21T19:33:46.449273Z,89,11,yes
223,2e6c5e3b-6cd2-41e6-82e4-bf34e8661083,KXCPICOREYOY-25AUG-T2.9,25,2025-08-21T19:33:46.449273Z,88,12,yes
224,33288404-f89d-46c4-8f6a-6888ee4eac28,KXCPICOREYOY-25AUG-T2.9,29,2025-08-14T16:26:45.773642Z,87,13,yes
225,c44025c4-4620-4c47-af76-60c3493ee170,KXCPICOREYOY-25AUG-T2.9,110,2025-08-13T04:33:51.935662Z,83,17,yes
226,ac22d372-f158-4042-b236-4d7dd29ecac3,KXCPICOREYOY-25AUG-T2.9,10,2025-08-13T04:32:07.695219Z,84,16,yes
227,a7d9e846-f917-4609-a8dc-0698eeaf5566,KXCPICOREYOY-25AUG-T2.9,148,2025-08-13T04:30:46.703302Z,83,17,yes
228,fe3d7d10-d062-4e2b-8237-7579cfe8682a,KXCPICOREYOY-25AUG-T2.9,10,2025-08-13T04:29:37.183032Z,83,17,yes
229,8b550bec-2465-43f6-97f4-ee32de6630a7,KXCPICOREYOY-25AUG-T2.9,10,2025-08-13T04:29:07.021171Z,83,17,yes
230,b896c7d4-ef8f-4686-b08e-03927246ebb6,KXCPICOREYOY-25AUG-T2.9,10,2025-08-13T04:28:37.227783Z,83,17,yes
231,472ce914-39cf-4940-8b69-36cbe07bdd34,KXCPICOREYOY-25AUG-T2.9,10,2025-08-13T04:28:06.957383Z,83,17,yes
232,5a1f8b0c-351c-4efa-b2f6-b32532095e42,KXCPICOREYOY-25AUG-T2.9,12,2025-08-13T04:27:36.926349Z,84,16,yes
233,0258e55f-b057-4a65-bd5d-85424a75e8bc,KXCPICOREYOY-25AUG-T2.9,8,2025-08-13T04:27:07.033534Z,82,18,yes
234,4c86b1b3-b887-4a7f-b3c4-a06003fe0234,KXCPICOREYOY-25AUG-T2.9,120,2025-08-13T04:26:31.798374Z,82,18,yes
235,956a82a1-632d-4968-8ca9-5944e92c1f87,KXCPICOREYOY-25AUG-T2.9,10,2025-08-13T04:26:06.890171Z,82,18,yes
236,544219d7-91ec-44e0-b914-3b994821c41d,KXCPICOREYOY-25AUG-T2.9,10,2025-08-13T04:25:07.032644Z,82,18,yes
237,da5ca615-c6d5-478e-948e-ce65fb6d11e6,KXCPICOREYOY-25AUG-T2.9,54,2025-08-12T20:02:31.316068Z,82,18,yes
238,0dda63bc-56df-4dd7-8cdb-b3d32f7b01db,KXCPICOREYOY-25AUG-T2.9,67,2025-08-12T20:02:31.316068Z,81,19,yes
239,83dfd161-89bc-4bdd-a907-452a6fb5da11,KXCPICOREYOY-25AUG-T2.9,7,2025-08-12T19:19:35.774835Z,81,19,yes
240,c6f1a594-f66c-4695-8cd4-a988276c5c14,KXCPICOREYOY-25AUG-T2.9,369,2025-08-12T19:03:46.84777Z,80,20,yes
241,b2047c0c-28fb-4e44-ac65-9ec9457af726,KXCPICOREYOY-25AUG-T2.9,112,2025-08-12T19:03:46.84777Z,78,22,yes
242,adadcbec-3963-4d36-9eeb-e8b2309940d6,KXCPICOREYOY-25AUG-T2.9,15,2025-08-12T19:03:46.84777Z,78,22,yes
243,939f64a7-b997-4ecb-92a0-dcc68df4efe0,KXCPICOREYOY-25AUG-T2.9,63,2025-08-12T15:16:03.72424Z,78,22,yes
244,3fc54426-3c1e-4f90-b7cc-bcb63b06fdb6,KXCPICOREYOY-25AUG-T2.9,25,2025-08-12T15:16:03.72424Z,77,23,yes
245,e88e5133-292d-452c-b7e8-4c7f847952ea,KXCPICOREYOY-25AUG-T2.9,30,2025-08-12T14:12:17.316992Z,69,31,no
246,79b2cab0-6e20-421d-b3c4-927bdb8f3e51,KXCPICOREYOY-25AUG-T2.9,20,2025-08-12T13:27:02.657547Z,67,33,no
247,227702a1-5533-4504-bcf5-1a6ade531797,KXCPICOREYOY-25AUG-T2.9,71,2025-08-12T13:27:02.657547Z,65,35,no
248,1b88ead9-538c-4d6e-8f85-49ed75b45481,KXCPICOREYOY-25AUG-T2.9,48,2025-08-12T13:27:02.657547Z,66,34,no
249,f7860429-a463-479d-92aa-96eb6c3541c6,KXCPICOREYOY-25AUG-T2.9,43,2025-08-12T13:17:16.781841Z,74,26,no
250,1ac25f47-5d76-44da-bbb4-340b65380a9d,KXCPICOREYOY-25AUG-T2.9,47,2025-08-12T13:17:10.285256Z,73,27,yes
251,6eb04466-9a07-4a81-a794-60f2c33a3fba,KXCPICOREYOY-25AUG-T2.9,119,2025-08-12T13:16:20.856549Z,72,28,yes
252,a09ebdbb-112e-4f18-b2f4-2b60fb8fc25b,KXCPICOREYOY-25AUG-T2.9,162,2025-08-12T13:14:58.94912Z,71,29,yes
253,d41f6836-4971-44e6-8a90-3854cad4c343,KXCPICOREYOY-25AUG-T2.9,50,2025-08-12T13:05:33.722421Z,67,33,yes
254,ae331d36-a075-469d-a216-73c92c531198,KXCPICOREYOY-25AUG-T2.9,32,2025-08-08T09:55:46.650324Z,68,32,yes
255,84f65817-dcf0-4a95-8823-8a6cc59e3dcb,KXCPICOREYOY-25AUG-T2.9,112,2025-08-07T06:35:23.397178Z,68,32,no
256,5bc9145c-4dc5-4b0b-a973-4297b8eaf7ea,KXCPICOREYOY-25AUG-T2.9,32,2025-08-07T06:35:23.397178Z,63,37,no
257,ac43bf0b-2b21-43b5-871b-01e1e543e55e,KXCPICOREYOY-25AUG-T2.9,29,2025-08-06T18:51:58.393286Z,68,32,no
258,dfb8f391-c021-45f4-8cbb-81693da02bb0,KXCPICOREYOY-25AUG-T2.9,59,2025-08-06T18:51:54.435651Z,68,32,yes
259,954a5fcc-76f9-49ac-91a9-9db451259eaa,KXCPICOREYOY-25AUG-T2.9,58,2025-08-06T13:00:00.406049Z,71,29,no
260,e6acf7d7-c58b-4b61-8e1a-c3a415a9695c,KXCPICOREYOY-25AUG-T2.9,73,2025-08-06T12:59:54.877029Z,71,29,no
261,19e566ac-063a-499f-be2a-958c11b7ef11,KXCPICOREYOY-25AUG-T2.9,10,2025-08-06T03:43:00.51284Z,71,29,no
262,136d9594-529a-48c6-ae08-c6433a69c6b3,KXCPICOREYOY-25AUG-T2.9,10,2025-08-05T23:46:30.430423Z,71,29,no
263,ac51dec1-a540-497a-be12-ee424910a5a7,KXCPICOREYOY-25AUG-T2.9,10,2025-08-05T23:32:06.940024Z,71,29,no
264,ffd8b1f1-ebd0-4432-9682-3464ade23634,KXCPICOREYOY-25AUG-T2.9,10,2025-08-05T20:18:45.947769Z,71,29,no
265,9db9e382-0db4-4ab3-9cd7-3742e6bb9821,KXCPICOREYOY-25AUG-T2.9,10,2025-08-05T19:59:52.770347Z,71,29,no
266,601871bc-91a8-4d26-b690-a2565fe8b65b,KXCPICOREYOY-25AUG-T2.9,10,2025-08-05T19:54:54.413905Z,71,29,no
267,cd05418b-108d-4b88-a43c-c2e38fe94b4b,KXCPICOREYOY-25AUG-T2.9,10,2025-08-05T19:49:53.291478Z,71,29,no
268,e916bd87-d1e9-411b-8881-4014346e0722,KXCPICOREYOY-25AUG-T2.9,10,2025-08-05T19:21:49.204579Z,71,29,no
269,fb8a22ef-cfbb-4be8-bb07-2c67eea9ed0e,KXCPICOREYOY-25AUG-T2.9,84,2025-08-05T18:58:32.850817Z,69,31,yes
270,3f31b459-debe-4cdb-9e28-ad46b4417ea1,KXCPICOREYOY-25AUG-T2.9,200,2025-08-05T18:58:32.850817Z,71,29,yes
271,1d5f7420-3ded-49e3-b225-a9e13ccabe68,KXCPICOREYOY-25AUG-T2.9,5,2025-08-05T18:58:32.850817Z,69,31,yes
272,0bc361b1-e588-4006-a2cf-6f2eb823997f,KXCPICOREYOY-25AUG-T2.9,10,2025-08-05T14:11:38.724858Z,65,35,no
273,30d689eb-35e9-496b-9178-d47ac4b66b99,KXCPICOREYOY-25AUG-T2.9,10,2025-08-05T14:11:08.769819Z,65,35,no
274,5adfe793-d474-4766-9870-4c1b187637f8,KXCPICOREYOY-25AUG-T2.9,10,2025-08-05T13:56:08.366178Z,65,35,no
275,e85b68d4-d775-4e41-b025-66017c3ce872,KXCPICOREYOY-25AUG-T2.9,60,2025-08-05T13:20:30.401407Z,68,32,no
276,700ac001-c56f-47e5-8c41-8fa42baa7dbe,KXCPICOREYOY-25AUG-T2.9,72,2025-08-05T13:20:28.127416Z,67,33,yes
277,678e03b7-1cc3-4f7e-b102-512184a42bb0,KXCPICOREYOY-25AUG-T2.9,7,2025-08-05T13:20:28.127416Z,67,33,yes
278,234a5c22-17c9-46d7-8ac8-e642a5c346a5,KXCPICOREYOY-25AUG-T2.9,1,2025-08-05T13:20:28.127416Z,67,33,yes
279,aa2ab7a1-5b3c-42d4-8070-4ef368ac6210,KXCPICOREYOY-25AUG-T2.9,10,2025-07-29T19:38:32.465967Z,59,41,no
280,f6d03c6d-4082-4ee5-bc3c-037a3a7e6602,KXCPICOREYOY-25AUG-T2.9,10,2025-07-29T19:28:50.664201Z,59,41,no
281,cb956801-ac28-45b1-a9fa-e27265dfd5f0,KXCPICOREYOY-25AUG-T2.9,25,2025-07-27T02:24:12.612684Z,49,51,no
282,9f9b18e0-bc1e-4133-a388-7ba9d7523bcb,KXCPICOREYOY-25AUG-T2.9,35,2025-07-27T02:24:12.612684Z,51,49,no
283,27a8ea03-2db0-4f12-8e63-d013b7b0e2cc,KXCPICOREYOY-25AUG-T2.9,10,2025-07-17T15:43:38.650785Z,55,45,no
284,61d341a5-e669-4133-aa44-29c937c79e18,KXCPICOREYOY-25AUG-T2.9,50,2025-07-17T13:19:12.527442Z,55,45,no
285,ecb61b05-31c9-4f4f-8dce-8783114a81e4,KXCPICOREYOY-25AUG-T2.8,250,2025-09-06T23:18:06.880352Z,99,1,yes
286,2005e0e1-ab12-422d-b7ab-326e01098e41,KXCPICOREYOY-25AUG-T2.8,135,2025-09-06T23:05:53.706917Z,99,1,yes
287,e59e427a-7554-4b16-a6d0-bfbac61fb501,KXCPICOREYOY-25AUG-T2.8,75,2025-09-06T23:04:07.91606Z,98,2,yes
288,be2c69df-253f-4c04-af79-268693f92f36,KXCPICOREYOY-25AUG-T2.8,14,2025-09-06T23:04:07.91606Z,99,1,yes
289,d55e1d90-9fbc-41a2-99f2-ca9c0d6261b5,KXCPICOREYOY-25AUG-T2.8,14,2025-09-06T23:03:44.309863Z,98,2,yes
290,148488d2-bfb1-4a80-a61b-418d6d478d28,KXCPICOREYOY-25AUG-T2.8,986,2025-09-06T23:03:44.309863Z,99,1,yes
291,96de640e-3a08-4eaf-a4c2-67b7d3bbd7e6,KXCPICOREYOY-25AUG-T2.8,292,2025-09-06T05:29:34.79043Z,99,1,no
292,e70370e8-d61f-47ec-a9dd-be093eae3e40,KXCPICOREYOY-25AUG-T2.8,76,2025-09-06T05:29:34.698425Z,99,1,no
293,82494f2e-9c1c-459c-b90b-68c8c5c4b73b,KXCPICOREYOY-25AUG-T2.8,25,2025-09-06T05:29:31.775107Z,97,3,yes
294,7b81d2fe-bd5e-4284-a1d8-c4af17fcd5c1,KXCPICOREYOY-25AUG-T2.8,5,2025-09-06T05:29:31.775107Z,98,2,yes
295,552af394-8bec-4493-9d47-7c4e61b2aa75,KXCPICOREYOY-25AUG-T2.8,225,2025-09-06T05:29:31.775107Z,98,2,yes
296,1d3a3b12-513c-4796-8308-dced52f4cfa2,KXCPICOREYOY-25AUG-T2.8,1000,2025-09-06T05:29:31.775107Z,99,1,yes
297,804c9889-cc6f-4fb0-9231-0af4740e37f7,KXCPICOREYOY-25AUG-T2.8,25,2025-08-26T01:25:26.227946Z,92,8,no
298,ce13e6b8-5592-4767-9bda-78037e4df34b,KXCPICOREYOY-25AUG-T2.8,5,2025-08-24T10:02:37.548365Z,95,5,no
299,cb28f3e6-735d-4c73-a71c-1411d63a794d,KXCPICOREYOY-25AUG-T2.8,10,2025-08-24T10:02:37.548365Z,94,6,no
300,58a0fedc-765f-45f9-95ee-5eb07b21b3d7,KXCPICOREYOY-25AUG-T2.8,15,2025-08-24T10:02:37.548365Z,94,6,no
301,f103f6f4-71bc-41e7-9daf-b6125ae375c7,KXCPICOREYOY-25AUG-T2.8,25,2025-08-21T19:33:50.804072Z,97,3,yes
302,7be83c7d-120e-4e4b-a856-df207150f6ad,KXCPICOREYOY-25AUG-T2.8,10,2025-08-13T04:27:06.911664Z,95,5,yes
303,bcfde28b-15b4-4095-969b-97c91a25fce2,KXCPICOREYOY-25AUG-T2.8,10,2025-08-13T04:25:06.90754Z,94,6,yes
304,8f7c6f34-7505-4022-b344-295ea3d1e766,KXCPICOREYOY-25AUG-T2.8,11,2025-08-12T14:11:51.652374Z,87,13,no
305,896a8c17-2f7e-4a60-b60d-bb5904fb85d0,KXCPICOREYOY-25AUG-T2.8,53,2025-08-12T14:11:51.652374Z,85,15,no
306,3aa4c7db-8d3d-489a-8770-c4cf53206bcb,KXCPICOREYOY-25AUG-T2.8,122,2025-08-12T13:12:08.236418Z,87,13,yes
307,84805c4a-112f-42c7-8275-57a11827ad1b,KXCPICOREYOY-25AUG-T2.8,156,2025-08-12T13:11:45.399759Z,86,14,yes
308,22c03a9a-9bb4-44d4-9830-08b073d5f8f5,KXCPICOREYOY-25AUG-T2.8,87,2025-08-12T13:11:36.773296Z,85,15,yes
309,c8a6a16b-a243-44db-a3f0-4349b4a7da7a,KXCPICOREYOY-25AUG-T2.8,10,2025-08-12T12:30:25.391887Z,95,5,yes
310,5b7b4c10-23d1-4bd5-af19-f02562b2d8d4,KXCPICOREYOY-25AUG-T2.8,38,2025-08-12T12:30:25.391887Z,96,4,yes
311,46dccb78-8429-4fb0-b065-377c7769b1b7,KXCPICOREYOY-25AUG-T2.8,11,2025-08-12T12:30:25.391887Z,95,5,yes
312,3781b9d3-af7d-417a-91c0-caf4a173f4de,KXCPICOREYOY-25AUG-T2.8,7,2025-08-12T12:30:25.391887Z,96,4,yes
313,305aa8d5-4d8a-4b57-b785-6d86d901ae41,KXCPICOREYOY-25AUG-T2.8,30,2025-08-12T12:30:25.391887Z,96,4,yes
314,11651c87-2b7f-41a8-b5e7-f648563ae91b,KXCPICOREYOY-25AUG-T2.8,48,2025-08-12T12:30:25.391887Z,96,4,yes
315,44d7692e-19ae-42b4-9164-5a0b7222eae0,KXCPICOREYOY-25AUG-T2.8,2,2025-08-11T16:35:17.366189Z,87,13,yes
316,dc265972-03b6-46c9-b4c1-59e8ab25289a,KXCPICOREYOY-25AUG-T2.8,200,2025-08-06T13:00:23.348276Z,78,22,no
317,c3cf8880-e3dd-4a62-8d37-0eae854424b3,KXCPICOREYOY-25AUG-T2.8,7,2025-08-06T13:00:23.348276Z,80,20,no
318,174a5a8e-576f-4c17-bdd2-db56298ec994,KXCPICOREYOY-25AUG-T2.8,76,2025-08-06T13:00:23.348276Z,80,20,no
319,009a30b7-0720-47c7-add3-a8f94e47d9e4,KXCPICOREYOY-25AUG-T2.8,109,2025-08-06T13:00:23.348276Z,76,24,no
320,f3795253-fb33-443a-b9db-f9e765fa400d,KXCPICOREYOY-25AUG-T2.8,200,2025-08-06T12:59:51.66554Z,83,17,no
321,5350b578-6bcd-42bd-b973-8a09a1454d6c,KXCPICOREYOY-25AUG-T2.8,19,2025-08-06T12:59:51.66554Z,85,15,no
322,492f0bc0-16b9-42a7-a964-3ab3636ca199,KXCPICOREYOY-25AUG-T2.8,200,2025-08-06T12:59:51.66554Z,81,19,no
323,33d3bf46-2e5d-4f3f-b7c8-0c8f51e11f59,KXCPICOREYOY-25AUG-T2.8,2,2025-08-06T12:59:51.66554Z,85,15,no
324,97b46099-b786-5f88-9c7d-4e113157670b,KXCPICOREYOY-25AUG-T2.8,20,2025-07-30T14:18:28.346265Z,83,17,no
325,70eceb7f-052a-4319-a7c9-7d6cc6bcf41c,KXCPICOREYOY-25AUG-T2.8,10,2025-07-29T20:58:39.879046Z,83,17,no
326,b1365396-f418-4648-b84a-3132f45cd9e9,KXCPICOREYOY-25AUG-T2.8,10,2025-07-29T20:25:56.753194Z,84,16,no
327,f5701094-208a-4ded-a4ff-ee1ce62096e4,KXCPICOREYOY-25AUG-T2.8,10,2025-07-29T20:25:26.667109Z,84,16,no
328,f7db643a-a4d9-4bbe-a30d-be830c7c5318,KXCPICOREYOY-25AUG-T2.8,10,2025-07-29T20:22:00.817313Z,82,18,no
329,9df64a65-6491-4d1b-ad48-d6bcd93581bf,KXCPICOREYOY-25AUG-T2.8,10,2025-07-29T20:20:58.902304Z,84,16,no
330,dacc286e-a8b2-47fa-882f-3aae179fa252,KXCPICOREYOY-25AUG-T2.8,10,2025-07-29T19:47:09.84797Z,84,16,no
331,ec870cb3-79b9-4b68-b349-fdb1c8d62863,KXCPICOREYOY-25AUG-T2.8,10,2025-07-22T22:32:50.900546Z,75,25,no
332,f9568d7b-4a13-4056-991d-13902e29791d,KXCPICOREYOY-25AUG-T2.8,6,2025-07-18T13:29:43.089622Z,76,24,no
333,e9dde914-d5d2-4ebe-a4f7-c009a6fd61be,KXCPICOREYOY-25AUG-T2.8,8,2025-07-18T13:29:43.089622Z,75,25,no
334,d6ebcc79-3e86-45e5-b0ff-ddf330de0ec4,KXCPICOREYOY-25AUG-T2.8,10,2025-07-17T17:03:06.165529Z,75,25,no
335,ce86d34f-f30b-4821-9c8f-9bca394e83fa,KXCPICOREYOY-25AUG-T2.8,10,2025-07-17T15:43:08.543649Z,75,25,no
336,c6cb5503-f008-4b6f-9b9d-678229b75a4d,KXCPICOREYOY-25AUG-T2.8,14,2025-07-17T13:17:02.737045Z,76,24,no
337,a3e78e5f-3a3f-4ee0-9559-738da54a200c,KXCPICOREYOY-25AUG-T2.8,100,2025-07-17T13:17:02.737045Z,75,25,no
338,3449e38d-2c0c-4173-a166-a9cfb5b225c6,KXCPICOREYOY-25AUG-T2.8,16,2025-07-17T13:17:02.737045Z,77,23,no
339,ff6d02b3-8763-4b98-88a7-0a9a94e98adf,KXCPICOREYOY-25AUG-T2.8,25,2025-07-16T21:32:21.613039Z,80,20,yes
340,e99a8a3a-a42b-4847-8272-2930ff0fbd39,KXCPICOREYOY-25AUG-T2.8,100,2025-07-16T21:32:21.613039Z,84,16,yes
341,d39d0c2a-b571-4684-b660-ae93eb501db0,KXCPICOREYOY-25AUG-T2.8,100,2025-07-16T21:32:21.613039Z,84,16,yes
342,bc182137-9ecc-450a-b120-8bd85f0464f2,KXCPICOREYOY-25AUG-T2.8,25,2025-07-16T21:32:21.613039Z,80,20,yes
343,b69a979c-3034-4821-881f-734a797ac7b0,KXCPICOREYOY-25AUG-T2.8,100,2025-07-16T21:32:21.613039Z,84,16,yes
344,b6711881-9db6-4cd8-a18d-29f24d5cea0a,KXCPICOREYOY-25AUG-T2.8,100,2025-07-16T21:32:21.613039Z,82,18,yes
345,6d39ff20-8d94-44f4-a930-a1e8048fca93,KXCPICOREYOY-25AUG-T2.8,100,2025-07-16T21:32:21.613039Z,82,18,yes
346,695ee186-eabe-408e-b3de-0f3b5e5ec96e,KXCPICOREYOY-25AUG-T2.8,100,2025-07-16T21:32:21.613039Z,82,18,yes
347,4482b0ec-355d-4be0-87c5-0d56ceafb844,KXCPICOREYOY-25AUG-T2.8,25,2025-07-16T21:32:21.613039Z,80,20,yes
348,391e1122-6327-4cb4-9168-e97ef5d5626d,KXCPICOREYOY-25AUG-T2.7,99,2025-09-01T13:11:38.896079Z,99,1,yes
349,4eab3043-28b9-4867-9114-250f2f32ba9f,KXCPICOREYOY-25AUG-T2.7,1,2025-08-13T12:32:55.130572Z,99,1,yes
350,fa1c6345-9665-43c5-90b5-a1f2fbf673f2,KXCPICOREYOY-25AUG-T2.7,75,2025-08-12T14:12:03.62888Z,94,6,no
351,e7fa42c7-4c1e-4373-a7f8-cee5659e0fb4,KXCPICOREYOY-25AUG-T2.7,47,2025-08-12T14:12:03.62888Z,92,8,no
352,6eb11b05-4cef-4ffc-888a-e31dee318b00,KXCPICOREYOY-25AUG-T2.7,18,2025-08-12T14:12:03.62888Z,94,6,no
353,d639ef77-d29c-45c2-9c95-9a0de2288a4a,KXCPICOREYOY-25AUG-T2.7,173,2025-08-12T13:12:48.288886Z,95,5,yes
354,29417dd4-e2d9-4cf2-9d3a-bdf296d32db4,KXCPICOREYOY-25AUG-T2.7,3,2025-08-07T04:16:33.118371Z,95,5,yes
355,02e5da62-a960-4990-8ad7-23edb6653d7a,KXCPICOREYOY-25AUG-T2.7,50,2025-07-27T02:24:35.420257Z,85,15,no
356,800c5e81-566a-48b8-aa3e-8f3c22025bfc,KXCPICOREYOY-25AUG-T2.7,50,2025-07-17T13:18:05.489748Z,84,16,no
357,496b890f-fd99-40b2-b711-d053410ec50c,KXCPICOREYOY-25JUL-T2.7,5000,2025-08-12T06:04:41.091737Z,99,1,yes
358,127dd661-f5bc-4d7b-ac08-c37d5fad8b29,KXCPICOREYOY-25JUL-T2.7,37,2025-08-07T06:31:26.746527Z,95,5,no
359,2cc0c5e9-c41a-4e38-b663-366605aff706,KXCPICOREYOY-25JUL-T2.7,30,2025-07-03T15:27:47.83817Z,93,7,no
360,2d7e7998-f38a-4c6e-b491-f508c3600df7,KXCPICOREYOY-25JUL-T2.7,10,2025-07-01T21:38:06.461569Z,93,7,no
361,e1a9bd49-abba-4ac0-bdc4-0a63a4a2284b,KXCPICOREYOY-25JUL-T2.7,10,2025-07-01T21:37:35.977176Z,93,7,no
362,85498c44-b62d-4a0a-87ed-e5ab5651bdb0,KXCPICOREYOY-25JUL-T2.8,40,2025-08-12T04:06:03.438365Z,95,5,no
363,91fc840b-f2d6-4a9d-8c5f-23c9a7a56752,KXCPICOREYOY-25JUL-T2.8,10,2025-08-11T15:33:12.064079Z,94,6,no
364,ab5dd73e-81c8-4ea3-b4bb-71feaa8444be,KXCPICOREYOY-25JUL-T2.8,35,2025-08-11T03:47:48.998125Z,98,2,yes
365,e70ccd8c-d263-4f3e-bf1d-e85638f1ca01,KXCPICOREYOY-25JUL-T2.8,10,2025-08-10T08:01:47.049933Z,93,7,no
366,e10d2c51-ae2d-4522-a11d-95c927ef6f59,KXCPICOREYOY-25JUL-T2.8,335,2025-08-08T14:37:18.91354Z,98,2,yes
367,71b5a31c-e5a7-4444-b49d-57733abab8b3,KXCPICOREYOY-25JUL-T2.8,345,2025-08-08T14:37:18.233788Z,92,8,no
368,875d0d2e-667d-41dc-b6ba-54ca46fa904f,KXCPICOREYOY-25JUL-T2.8,345,2025-08-08T14:37:17.808169Z,92,8,no
369,9892472b-c610-4053-97cf-7f7fbfddf089,KXCPICOREYOY-25JUL-T2.8,26,2025-08-08T14:33:19.322178Z,93,7,no
370,5fa2bb2c-f381-409b-bb46-8fbadbb0b639,KXCPICOREYOY-25JUL-T2.8,9,2025-08-08T14:33:19.322178Z,93,7,no
371,fb670d44-629f-4ace-a26e-7495dbb8965d,KXCPICOREYOY-25JUL-T2.8,93,2025-08-08T03:21:09.999988Z,92,8,no
372,a0376fb8-6909-4ee5-99c3-026ce898b5e9,KXCPICOREYOY-25JUL-T2.8,6,2025-08-07T19:06:57.576009Z,93,7,no
373,97660d7f-20e8-4884-a04d-08a8f2d54dd6,KXCPICOREYOY-25JUL-T2.8,1,2025-08-07T19:06:57.576009Z,93,7,no
374,2977e5e2-fd53-4d54-aaf3-5b365f9ab3f3,KXCPICOREYOY-25JUL-T2.8,483,2025-08-07T19:06:57.576009Z,92,8,no
375,7395aba3-1508-4ca4-b19d-d5886027f1db,KXCPICOREYOY-25JUL-T2.8,500,2025-08-07T19:06:57.388236Z,93,7,no
376,457a2ae1-87c2-41aa-b61b-2c2d8f7644c9,KXCPICOREYOY-25JUL-T2.8,20,2025-08-07T13:43:06.452396Z,92,8,no
377,5685feb6-b8b6-4af9-97da-26abc3bd71a2,KXCPICOREYOY-25JUL-T2.8,20,2025-08-07T13:42:23.742739Z,92,8,no
378,a2564ad0-b5b4-452c-8f6c-1fb3e8dbd572,KXCPICOREYOY-25JUL-T2.8,380,2025-08-07T13:29:30.101231Z,92,8,no
379,4e04bcef-7211-483b-88b8-34ef400fe89f,KXCPICOREYOY-25JUL-T2.8,11,2025-08-07T06:31:41.942131Z,92,8,no
380,661edb19-3b71-4c7c-a273-046bc0035dea,KXCPICOREYOY-25JUL-T2.8,1,2025-08-05T15:57:35.016464Z,96,4,yes
381,92440992-8f82-4a79-8d09-cefed5400283,KXCPICOREYOY-25JUL-T2.8,1,2025-08-05T01:02:59.298752Z,90,10,yes
382,f3feb606-bcc8-4c14-bb96-b7b996c09882,KXCPICOREYOY-25JUL-T2.8,980,2025-08-04T22:57:43.824556Z,92,8,no
383,b5319a70-c072-401a-8b61-428cc82dc361,KXCPICOREYOY-25JUL-T2.8,10,2025-08-04T15:51:43.132205Z,92,8,no
384,276b3667-cd26-498c-ae4e-58593dbe691d,KXCPICOREYOY-25JUL-T2.8,10,2025-08-04T15:51:13.05509Z,92,8,no
385,7a112020-f407-4f0b-b27f-043362151b4c,KXCPICOREYOY-25JUL-T2.8,100,2025-08-04T15:42:09.775284Z,97,3,yes
386,93bc7d08-e609-45ef-881b-8216a3fa4b25,KXCPICOREYOY-25JUL-T2.8,1,2025-08-04T03:03:58.265759Z,96,4,yes
387,81cbc2ec-2151-4698-a48f-45488c1aae15,KXCPICOREYOY-25JUL-T2.8,510,2025-08-01T17:44:12.745521Z,89,11,no
388,4a9c65c5-7058-4ef8-bfac-038ac6fcb015,KXCPICOREYOY-25JUL-T2.8,90,2025-08-01T14:41:55.778172Z,88,12,no
389,2ff45306-c813-4057-840b-555c95f8c453,KXCPICOREYOY-25JUL-T2.8,180,2025-08-01T13:25:20.310258Z,89,11,no
390,609d2684-30f1-477b-8911-9bca21be9514,KXCPICOREYOY-25JUL-T2.8,104,2025-07-31T22:57:55.430093Z,95,5,yes
391,835bb7f8-6de6-4dbf-820f-4a31ed4bf697,KXCPICOREYOY-25JUL-T2.8,59,2025-07-22T01:06:14.663549Z,89,11,no
392,a7a9bce3-027f-442b-9c6c-96240bfb7e4f,KXCPICOREYOY-25JUL-T2.8,85,2025-07-22T00:45:43.133478Z,89,11,no
393,83176871-fb0c-4436-b383-ed8e383c525a,KXCPICOREYOY-25JUL-T2.8,1000,2025-07-21T19:06:35.320832Z,93,7,yes
394,6c7edb11-e2e1-47be-9be1-bc2aeecff153,KXCPICOREYOY-25JUL-T2.8,7,2025-07-21T17:01:29.633397Z,89,11,no
395,396c7370-739f-41fc-a3b1-33e329f4e661,KXCPICOREYOY-25JUL-T2.8,10,2025-07-18T14:06:56.088192Z,91,9,yes
396,754b071c-db7a-4a94-bfc7-652800a11d97,KXCPICOREYOY-25JUL-T2.8,10,2025-07-16T21:31:16.956575Z,89,11,no
397,ee510047-4c0b-4722-8521-2e1d31451d1c,KXCPICOREYOY-25JUL-T2.8,90,2025-07-16T19:04:47.288616Z,86,14,no
398,84648a47-4fa3-4c2b-a62c-9ad6fbf035e2,KXCPICOREYOY-25JUL-T2.8,800,2025-07-16T19:04:47.288616Z,88,12,no
399,f0815f6a-079e-49b1-af8e-75cf350d39a7,KXCPICOREYOY-25JUL-T2.8,1100,2025-07-16T19:04:46.351714Z,88,12,no
400,1af9960c-5cc2-49d1-98c5-3613c2797cbb,KXCPICOREYOY-25JUL-T2.8,100,2025-07-16T18:22:17.934203Z,88,12,no
401,edf36df0-3f9e-41ae-b118-601ab245ab55,KXCPICOREYOY-25JUL-T2.8,10,2025-07-15T14:29:20.774811Z,90,10,no
402,256011e6-22da-4962-941b-b37e3bb47f1e,KXCPICOREYOY-25JUL-T2.8,10,2025-07-15T13:14:05.570545Z,86,14,no
403,ce8cbc73-a008-4e4e-a179-87d389717f3d,KXCPICOREYOY-25JUL-T2.8,177,2025-07-15T12:41:21.876199Z,94,6,yes
404,96a1ac60-995b-49a1-8f1f-ca4459bf0230,KXCPICOREYOY-25JUL-T2.8,173,2025-07-15T12:41:21.876199Z,92,8,yes
405,de0b7cdb-91fb-489c-8e79-6734a5969fee,KXCPICOREYOY-25JUL-T2.8,10,2025-07-10T18:45:16.041007Z,84,16,no
406,0bed42f5-de20-44ba-99c8-0c08babcfbd5,KXCPICOREYOY-25JUL-T2.8,10,2025-07-10T18:37:12.032741Z,84,16,no
407,8a381dca-5632-4505-9e3b-e335d430fd11,KXCPICOREYOY-25JUL-T2.8,100,2025-07-08T05:18:38.939535Z,82,18,no
408,1bc0c893-b25d-42e2-814e-8edd40450362,KXCPICOREYOY-25JUL-T2.8,150,2025-07-08T05:18:38.939535Z,81,19,no
409,047da4a3-8a82-43a3-b3f3-c3ee7e468cef,KXCPICOREYOY-25JUL-T2.8,100,2025-07-08T05:18:38.939535Z,83,17,no
410,a4fef1fb-6dc4-482e-acdb-983d88af7537,KXCPICOREYOY-25JUL-T2.8,10,2025-07-07T01:59:20.668408Z,83,17,no
411,7b6cede5-563c-4475-b41b-ea197c742094,KXCPICOREYOY-25JUL-T2.8,10,2025-07-07T01:55:49.495608Z,83,17,no
412,745c9e18-bff4-48db-8b23-85ef8b58e457,KXCPICOREYOY-25JUL-T2.8,5,2025-07-03T15:29:03.366729Z,85,15,no
413,2d947fef-50b9-4cfe-9a51-f7b3524b7a57,KXCPICOREYOY-25JUL-T2.8,65,2025-07-03T15:29:03.366729Z,83,17,no
414,6d80fbac-b0bb-42f3-801b-7fd5041f5e31,KXCPICOREYOY-25JUL-T2.8,10,2025-07-01T21:59:19.041282Z,85,15,no
415,9c03b58a-2235-4805-a23c-370842a237ed,KXCPICOREYOY-25JUL-T2.8,10,2025-07-01T21:56:35.992109Z,85,15,no
416,b72ef474-d5da-495b-805c-77596f48b5c3,KXCPICOREYOY-25JUL-T2.8,10,2025-07-01T21:56:02.411458Z,85,15,no
417,af149376-3cb1-4b50-a6ce-e0e7b87f47ff,KXCPICOREYOY-25JUL-T2.8,10,2025-07-01T21:55:01.025129Z,85,15,no
418,0415fde7-7684-42b1-911b-7d96d5eeeabf,KXCPICOREYOY-25JUL-T2.8,10,2025-07-01T21:54:29.18311Z,85,15,no
419,c865fb9a-23d6-4271-8efe-3b306c7eb53a,KXCPICOREYOY-25JUL-T2.8,10,2025-07-01T21:53:56.838912Z,85,15,no
420,7bf804ad-5fcc-4742-b1a2-2a7523b4c838,KXCPICOREYOY-25JUL-T2.8,10,2025-07-01T21:53:22.82691Z,85,15,no
421,06d686f9-974e-4cca-a185-562dc4b798a1,KXCPICOREYOY-25JUL-T2.8,10,2025-07-01T21:52:51.306056Z,85,15,no
422,c84b7c2f-56f4-4b2a-be2f-6a1407fa2703,KXCPICOREYOY-25JUL-T2.8,10,2025-07-01T21:52:19.575613Z,85,15,no
423,50352aa1-9029-4aef-b618-6421b49828d8,KXCPICOREYOY-25JUL-T2.8,10,2025-07-01T21:51:48.217781Z,85,15,no
424,93407c2b-781d-4d85-95fe-e4203c5a5faa,KXCPICOREYOY-25JUL-T2.8,10,2025-07-01T21:48:25.310291Z,85,15,no
425,19b3c9c7-3f32-4c12-bbf9-cb9c380fdb40,KXCPICOREYOY-25JUL-T2.8,10,2025-07-01T21:47:21.65782Z,85,15,no
426,2dbef4c0-222b-4de5-8ee5-ad6c56b07b88,KXCPICOREYOY-25JUL-T2.8,10,2025-07-01T21:46:17.941973Z,85,15,no
427,39c5e8a0-677d-4fea-8a11-e83d15b736c6,KXCPICOREYOY-25JUL-T2.8,9,2025-07-01T21:42:18.665255Z,86,14,no
428,0dcd1fe3-d361-4357-83c7-4eb20c43e0f9,KXCPICOREYOY-25JUL-T2.8,10,2025-07-01T21:41:15.480264Z,86,14,no
429,130d091e-1f41-4a9d-8ba5-026f7baf3343,KXCPICOREYOY-25JUL-T2.8,10,2025-07-01T21:40:41.669577Z,86,14,no
430,9227675a-a973-43d2-980c-15bf30863c56,KXCPICOREYOY-25JUL-T2.8,10,2025-07-01T21:40:10.091313Z,86,14,no
431,1bb57090-9852-4e56-bf4e-a9eb65b45927,KXCPICOREYOY-25JUL-T2.8,10,2025-07-01T21:39:08.524599Z,86,14,no
432,cc1a6113-93e6-41d9-8789-55b03ce3909f,KXCPICOREYOY-25JUL-T2.8,10,2025-07-01T21:38:37.48781Z,86,14,no
433,a36afd4b-8cb9-4746-b420-5f2d18fec207,KXCPICOREYOY-25JUL-T2.8,10,2025-07-01T21:38:06.653404Z,86,14,no
434,e7d590b7-6e1f-4502-9441-5af45a90f3bf,KXCPICOREYOY-25JUL-T2.8,10,2025-07-01T21:37:35.664923Z,86,14,no
435,96a95508-b211-4523-83af-54e220805a46,KXCPICOREYOY-25JUL-T2.8,10,2025-07-01T21:37:04.401985Z,86,14,no
436,40ddba42-7abc-437a-9aa2-f77ed8ff9b43,KXCPICOREYOY-25JUL-T2.8,10,2025-07-01T21:36:33.239064Z,86,14,no
437,202e894f-64e1-4211-909e-d14802e3bcc1,KXCPICOREYOY-25JUL-T2.8,10,2025-07-01T21:34:56.394075Z,86,14,no
438,0f8ebe2e-35a7-4821-b3c0-110132ea9360,KXCPICOREYOY-25JUL-T2.8,10,2025-07-01T21:34:25.626241Z,86,14,no
439,a02a9f48-e0ec-4576-b4f0-bbc0c88de497,KXCPICOREYOY-25JUL-T2.8,10,2025-07-01T21:33:34.851301Z,86,14,no
440,f53207c9-e087-4280-8339-494f4f19988a,KXCPICOREYOY-25JUL-T2.8,10,2025-07-01T21:32:56.801676Z,86,14,no
441,b0273cf7-2c0d-42ad-af94-d0ea4c657356,KXCPICOREYOY-25JUL-T3.2,37,2025-08-12T04:17:11.114634Z,6,94,yes
442,6e27f49c-44cf-48c3-a273-214b8a42e558,KXCPICOREYOY-25JUL-T3.2,60,2025-08-12T04:17:11.114634Z,5,95,yes
443,dd20533b-1968-4407-95ef-3973318fdbe7,KXCPICOREYOY-25JUL-T3.2,115,2025-08-11T04:12:13.256747Z,1,99,no
444,12d66eb0-d26e-4e51-8037-d93bacbedb72,KXCPICOREYOY-25JUL-T3.2,77,2025-08-11T04:12:13.256747Z,1,99,no
445,dcdc4f8a-f528-4cd8-bb82-0802a5aac3fd,KXCPICOREYOY-25JUL-T3.2,5,2025-08-04T13:45:22.532839Z,7,93,no
446,c6143d9c-70df-4ec8-9dda-d0f78bed0e4e,KXCPICOREYOY-25JUL-T3.2,1000,2025-07-17T20:22:53.255056Z,6,94,no
447,08ddcc90-853e-4463-b938-228c31109916,KXCPICOREYOY-25JUL-T3.2,1000,2025-07-17T20:22:53.255056Z,7,93,no
448,1f092f8e-b8fc-4c4b-908e-80ca25a1dbba,KXCPICOREYOY-25JUL-T3.1,10,2025-08-12T10:30:07.663904Z,9,91,yes
449,b865d2a4-d38c-4333-b05a-4bdac382d0e0,KXCPICOREYOY-25JUL-T3.1,341,2025-08-12T04:18:36.338572Z,9,91,yes
450,99bdb466-c692-4119-94a3-c52d9f127af7,KXCPICOREYOY-25JUL-T3.1,1282,2025-08-12T04:18:36.338572Z,16,84,yes
451,87f10312-456e-4a8f-8a07-eb7346faa435,KXCPICOREYOY-25JUL-T3.1,341,2025-08-12T04:12:10.572814Z,5,95,no
452,e2116401-56d9-4a66-8273-f0fb495f3ad4,KXCPICOREYOY-25JUL-T3.1,9826,2025-08-12T03:50:06.328522Z,9,91,yes
453,7a267fe9-537b-4782-91fc-c9a63a5f5390,KXCPICOREYOY-25JUL-T3.1,374,2025-08-12T03:50:06.328522Z,8,92,yes
454,399ea2fa-177d-4e07-96be-11ad5e2e0b9b,KXCPICOREYOY-25JUL-T3.1,368,2025-08-12T03:50:06.328522Z,7,93,yes
455,b5ebc4c2-4afc-4f2c-b814-a3ee3d44390b,KXCPICOREYOY-25JUL-T3.1,65,2025-08-12T03:42:27.529352Z,7,93,yes
456,f8b3af56-98ce-4692-9982-7c908a29470f,KXCPICOREYOY-25JUL-T3.1,67,2025-08-12T03:16:37.830385Z,7,93,yes
457,eff69825-8a9c-44d6-845b-d962d894d8b9,KXCPICOREYOY-25JUL-T3.1,1,2025-08-11T21:21:46.155878Z,8,92,yes
458,877f6723-7b60-4605-b489-0fc6df67b078,KXCPICOREYOY-25JUL-T3.1,115,2025-08-11T20:25:21.800388Z,8,92,yes
459,bcafebea-5d7f-4508-bbdb-0b19c5ada517,KXCPICOREYOY-25JUL-T3.1,10,2025-08-11T04:23:23.120428Z,4,96,yes
460,25814a52-9ae3-4827-8caa-e698304eb1f0,KXCPICOREYOY-25JUL-T3.1,10,2025-08-11T04:13:20.401815Z,5,95,yes
461,9f5c04fa-6efe-4ebd-98ed-67c518a64c0f,KXCPICOREYOY-25JUL-T3.1,515,2025-08-11T04:13:03.635053Z,3,97,no
462,5de1e8a0-0791-4a2e-a9c6-fc12c797fe4d,KXCPICOREYOY-25JUL-T3.1,10,2025-08-11T04:12:50.376Z,5,95,yes
463,3958ef54-c800-4a4b-ae3d-85324e68be0c,KXCPICOREYOY-25JUL-T3.1,5,2025-08-11T04:12:47.54791Z,4,96,no
464,30ed7e03-4e63-46a8-a739-5049580f26d7,KXCPICOREYOY-25JUL-T3.1,975,2025-08-11T04:12:47.54791Z,4,96,no
465,3946489e-2ac8-4321-9042-585bc21f1c94,KXCPICOREYOY-25JUL-T3.1,10,2025-08-11T04:12:20.380961Z,5,95,yes
466,74adc72b-4826-47da-b3f8-d40402246a2c,KXCPICOREYOY-25JUL-T3.1,51,2025-08-11T04:12:19.889143Z,5,95,no
467,4b00583c-053d-4b64-bbc7-401bb6f6dd2d,KXCPICOREYOY-25JUL-T3.1,10,2025-08-11T02:51:31.443456Z,8,92,yes
468,5f1c193e-30f4-4bd7-9fac-6decbbdd26aa,KXCPICOREYOY-25JUL-T3.1,10,2025-08-10T07:00:11.475704Z,9,91,yes
469,927c1993-ef39-4e2b-b020-e09205c12434,KXCPICOREYOY-25JUL-T3.1,160,2025-08-08T19:53:36.537058Z,5,95,no
470,4ac556cd-61a7-41ba-b576-c10a1d5b69e2,KXCPICOREYOY-25JUL-T3.1,1000,2025-08-08T19:53:36.537058Z,6,94,no
471,d7504997-2b93-4bff-b8b7-981433d9b631,KXCPICOREYOY-25JUL-T3.1,10,2025-08-07T19:11:31.868429Z,11,89,yes
472,01fedef5-a74c-49cf-88a4-6f602135814c,KXCPICOREYOY-25JUL-T3.1,10,2025-08-07T18:36:21.656594Z,11,89,yes
473,468387ea-9b51-484e-9e19-e039522bf72c,KXCPICOREYOY-25JUL-T3.1,10,2025-08-07T16:26:18.448356Z,11,89,yes
474,3b95f97c-f062-4f01-97a9-a8bb214022c1,KXCPICOREYOY-25JUL-T3.1,1000,2025-08-06T02:13:09.733097Z,10,90,no
475,fd57e90e-d749-44ca-bedf-5cbc7bdfa0a2,KXCPICOREYOY-25JUL-T3.1,1000,2025-08-05T14:28:44.303219Z,14,86,no
476,4447d9c6-8626-485e-80fb-4659a0ca4162,KXCPICOREYOY-25JUL-T3.1,2060,2025-08-05T14:28:31.437145Z,15,85,no
477,f4f77f0f-8bcc-4c23-b1b3-58f03a9fbdad,KXCPICOREYOY-25JUL-T3.1,470,2025-08-04T20:03:44.404408Z,18,82,yes
478,266b7ff1-d388-4bd8-8c82-a1a698715839,KXCPICOREYOY-25JUL-T3.1,30,2025-08-04T20:03:44.404408Z,17,83,yes
479,8d90a549-c0de-46c7-8f95-9d8ec4610a10,KXCPICOREYOY-25JUL-T3.1,1940,2025-08-04T15:43:04.446878Z,19,81,yes
480,1d133858-7aa7-43a0-855e-77de6b125b9d,KXCPICOREYOY-25JUL-T3.1,60,2025-08-04T15:43:04.446878Z,15,85,yes
481,39787232-cf68-458f-9e9d-528bfaca7978,KXCPICOREYOY-25JUL-T3.1,5,2025-08-04T13:45:07.587303Z,13,87,no
482,2778c455-56a2-4137-980c-365ad2dc14e4,KXCPICOREYOY-25JUL-T3.1,1000,2025-08-04T13:45:07.587303Z,13,87,no
483,1f7e258c-8adc-42f3-aa35-3bf0ca1e355f,KXCPICOREYOY-25JUL-T3.1,112,2025-07-31T01:48:36.712404Z,12,88,no
484,ef0ded60-a7a8-4e7d-a413-06537c617994,KXCPICOREYOY-25JUL-T3.1,1000,2025-07-30T20:55:58.720858Z,15,85,no
485,00d99a88-7f5e-4ff3-ae36-5a57e97833fc,KXCPICOREYOY-25JUL-T3.1,11,2025-07-29T16:29:05.632188Z,14,86,no
486,25feb11a-b719-4fbc-adf8-c049d3d32fb9,KXCPICOREYOY-25JUL-T3.1,1,2025-07-27T18:06:32.049583Z,15,85,no
487,46fc3e31-2df3-4d0a-a8ad-af1a6562a8d6,KXCPICOREYOY-25JUL-T3.1,1000,2025-07-24T03:36:38.749808Z,19,81,no
488,9a4ae074-902e-4303-a97e-3e10037439de,KXCPICOREYOY-25JUL-T3.1,429,2025-07-23T20:16:34.008666Z,20,80,no
489,e275372b-1fc2-4ab9-ac44-7c759c832b46,KXCPICOREYOY-25JUL-T3.1,311,2025-07-23T06:51:52.391656Z,21,79,no
490,a0d0e63b-75d0-43e0-888f-3e05078e8639,KXCPICOREYOY-25JUL-T3.1,126,2025-07-18T16:02:40.048755Z,22,78,no
491,afa15f93-5972-4fe5-af40-6226c58af84e,KXCPICOREYOY-25JUL-T3.1,35,2025-07-17T04:54:45.495482Z,27,73,yes
492,6c2f528f-8142-443e-b682-95ef847dea8e,KXCPICOREYOY-25JUL-T3.1,47,2025-07-16T22:49:33.298489Z,27,73,yes
493,565b3b2d-c9be-4737-9d48-e0bf0fe9c1ab,KXCPICOREYOY-25JUL-T3.1,20,2025-07-16T22:49:33.298489Z,26,74,yes
494,ecb33854-ce12-47d6-9418-f2d30b8a809e,KXCPICOREYOY-25JUL-T3.1,10,2025-07-16T20:30:06.975274Z,23,77,no
495,827ffab9-7ca5-464a-80f9-938a257709fb,KXCPICOREYOY-25JUL-T3.1,10,2025-07-16T12:24:01.008597Z,21,79,no
496,1499b505-63c1-48c6-bdd5-6f995d7e5838,KXCPICOREYOY-25JUL-T3.1,169,2025-07-16T04:04:51.546387Z,27,73,yes
497,296238b8-8572-47da-b6e1-780817ea2448,KXCPICOREYOY-25JUL-T3.1,193,2025-07-16T03:36:37.7242Z,26,74,yes
498,d76441df-1153-4427-82fd-6e1e26cd8e09,KXCPICOREYOY-25JUL-T3.1,4,2025-07-15T17:03:01.333596Z,20,80,no
499,a3c4adcb-0d60-4dc2-b0cb-1167c52e2e70,KXCPICOREYOY-25JUL-T3.1,6,2025-07-15T17:03:01.333596Z,20,80,no
500,a6b327d3-fb5b-477f-a5b1-40f4f7fe8731,KXCPICOREYOY-25JUL-T3.1,21,2025-07-15T15:54:04.330229Z,20,80,no
501,be16773b-6983-4b17-a75a-118b28f55531,KXCPICOREYOY-25JUL-T3.1,25,2025-07-15T14:07:47.992432Z,22,78,no
502,6886ad47-3074-4490-9181-8bea23cfb623,KXCPICOREYOY-25JUL-T3.1,9,2025-07-15T13:14:35.556138Z,25,75,no
503,44f4745e-eca7-4c5f-8390-21ec9d4fdfe4,KXCPICOREYOY-25JUL-T3.1,110,2025-07-15T13:12:17.46747Z,25,75,no
504,c6cfca41-2836-4e58-b2fe-b3325a499ad3,KXCPICOREYOY-25JUL-T3.1,10,2025-07-15T13:01:40.092809Z,25,75,no
505,e98b268a-5643-442c-ab98-dae263dca57d,KXCPICOREYOY-25JUL-T3.1,10,2025-07-15T13:01:10.075551Z,25,75,no
506,980ff11e-cdea-47f6-b499-615cea38b7c0,KXCPICOREYOY-25JUL-T3.1,61,2025-07-15T12:59:15.157535Z,21,79,yes
507,445d065d-6f22-4d89-a78b-62a5dffd7879,KXCPICOREYOY-25JUL-T3.1,400,2025-07-15T12:59:15.157535Z,23,77,yes
508,0211041c-4e38-4ba3-b23a-92d00fed0ab2,KXCPICOREYOY-25JUL-T3.1,400,2025-07-15T12:59:15.157535Z,25,75,yes
509,b81f23a6-5fe1-4cbb-8780-f6c5fbef222b,KXCPICOREYOY-25JUL-T3.1,5,2025-07-14T13:37:44.936289Z,12,88,no
510,5859b4fa-56b6-41a7-af38-0a374589a962,KXCPICOREYOY-25JUL-T3.1,5,2025-07-14T13:37:44.936289Z,12,88,no
511,d92d6bbf-7787-43fd-a2a9-91e80f203f06,KXCPICOREYOY-25JUL-T3.1,10,2025-07-14T01:50:29.59099Z,11,89,no
512,98102372-5597-4cef-98d8-12af7c2abb49,KXCPICOREYOY-25JUL-T3.1,6,2025-07-10T18:37:42.630577Z,11,89,no
513,e26144a3-d536-4763-a1f8-bca2ceb6e16f,KXCPICOREYOY-25JUL-T3.1,4,2025-07-10T18:30:52.286106Z,12,88,no
514,e0a2c095-be1e-4f8c-a2b1-c77b9bf5f81f,KXCPICOREYOY-25JUL-T3.1,50,2025-07-10T18:30:51.441125Z,12,88,yes
515,b59b6cc3-5021-4de4-a3dd-eb88b517075e,KXCPICOREYOY-25JUL-T3.1,50,2025-07-03T15:32:21.272859Z,9,91,no
516,96c0f8ea-ad8f-4a5a-90dd-077939ec00f8,KXCPICOREYOY-25JUL-T3.0,100,2025-08-12T12:12:20.228128Z,48,52,no
517,b3246a3d-8992-4480-8596-44c3b31ef65a,KXCPICOREYOY-25JUL-T3.0,1,2025-08-12T08:33:29.983446Z,56,44,yes
518,3f4d0822-d005-4396-bf9a-6691fdd24d29,KXCPICOREYOY-25JUL-T3.0,2,2025-08-12T08:33:29.983446Z,56,44,yes
519,3ec4a113-251b-41e7-ba6f-c17c9a3001e3,KXCPICOREYOY-25JUL-T3.0,11,2025-08-12T08:33:29.983446Z,57,43,yes
520,bf2d1bd1-ca15-4b59-8dcf-6b54c4f0f6c9,KXCPICOREYOY-25JUL-T3.0,79,2025-08-12T08:27:55.179038Z,48,52,no
521,5568600d-7cef-40fd-ada9-28710b026f6f,KXCPICOREYOY-25JUL-T3.0,3,2025-08-12T08:27:55.179038Z,49,51,no
522,d828f9c1-bfea-4bbd-900a-1e35fd7d1266,KXCPICOREYOY-25JUL-T3.0,97,2025-08-12T05:35:14.332013Z,48,52,no
523,b8ed3b89-b1a4-43e0-9d6e-3e84a615a93a,KXCPICOREYOY-25JUL-T3.0,3,2025-08-12T05:35:14.332013Z,49,51,no
524,fc7ecde9-30c5-4abd-bcc4-5932d9087882,KXCPICOREYOY-25JUL-T3.0,350,2025-08-12T05:19:08.790357Z,35,65,no
525,cc048e75-18ca-4fac-b734-ccacced4541f,KXCPICOREYOY-25JUL-T3.0,224,2025-08-12T05:19:08.790357Z,49,51,no
526,4582582b-5118-49d2-9d2c-c86bd49b763d,KXCPICOREYOY-25JUL-T3.0,18,2025-08-12T05:19:08.790357Z,49,51,no
527,2354672c-0934-4224-b557-e550e6aa4625,KXCPICOREYOY-25JUL-T3.0,4,2025-08-12T05:19:08.790357Z,38,62,no
528,196da8bb-d0bc-4c83-a910-bd6258057ad9,KXCPICOREYOY-25JUL-T3.0,5,2025-08-12T05:19:08.790357Z,38,62,no
529,09e0bdb0-caf5-48d0-91c5-f70c73ed550c,KXCPICOREYOY-25JUL-T3.0,713,2025-08-12T05:19:08.790357Z,49,51,no
530,d9e3e614-cf74-4619-a5be-e95a281115c4,KXCPICOREYOY-25JUL-T3.0,10,2025-08-12T04:10:07.52529Z,50,50,no
531,3f3ff3a6-d2d1-4268-a9d3-7d0b39e27dbc,KXCPICOREYOY-25JUL-T3.0,20,2025-08-12T04:10:07.52529Z,49,51,no
532,57d872ee-9b30-47e1-96ff-bef2398c4f95,KXCPICOREYOY-25JUL-T3.0,41,2025-08-12T03:24:01.955437Z,58,42,yes
533,f092f5ba-2543-47c7-8ed7-088df4f1f755,KXCPICOREYOY-25JUL-T3.0,13,2025-08-12T03:22:01.875467Z,58,42,yes
534,d3d898c7-5688-40a9-99e9-c60965a80512,KXCPICOREYOY-25JUL-T3.0,15,2025-08-12T03:22:01.875467Z,57,43,yes
535,ae7218c8-ee9c-4d86-b333-e28ce569911b,KXCPICOREYOY-25JUL-T3.0,85,2025-08-12T03:15:58.961681Z,57,43,yes
536,ccf9bda3-7144-498c-bcbc-be7e9ead0994,KXCPICOREYOY-25JUL-T3.0,99,2025-08-12T03:11:37.497108Z,49,51,no
537,9bae9ddf-73df-4d6f-9eb6-5744bfc76987,KXCPICOREYOY-25JUL-T3.0,116,2025-08-12T03:11:37.497108Z,49,51,no
538,ec5a6e01-639b-4793-992b-8fdae7431e85,KXCPICOREYOY-25JUL-T3.0,585,2025-08-12T03:04:56.431145Z,58,42,yes
539,4bf58866-6c9a-4193-abce-567c80361902,KXCPICOREYOY-25JUL-T3.0,315,2025-08-12T03:04:56.431145Z,57,43,yes
540,34984ccc-e321-4464-a3f2-de546937c9dc,KXCPICOREYOY-25JUL-T3.0,85,2025-08-12T02:27:35.326208Z,57,43,yes
541,4aee3192-d809-4de8-a070-5b0ea90c93c8,KXCPICOREYOY-25JUL-T3.0,400,2025-08-12T01:20:23.310856Z,49,51,no
542,2746e24c-ab03-4107-a186-b71e6df9f478,KXCPICOREYOY-25JUL-T3.0,1,2025-08-12T01:01:43.202211Z,49,51,no
543,7e3f96aa-014f-43a6-80a9-81e2b649f5ad,KXCPICOREYOY-25JUL-T3.0,33,2025-08-12T00:02:26.555865Z,58,42,yes
544,f0f079fd-1b77-419a-a4d0-d6b3a80865d2,KXCPICOREYOY-25JUL-T3.0,3,2025-08-11T23:59:14.207331Z,57,43,yes
545,07de2397-4cd0-4c65-8c8e-af7ee9d55d82,KXCPICOREYOY-25JUL-T3.0,30,2025-08-11T23:59:14.207331Z,58,42,yes
546,22908b71-e103-4319-ac4e-22391ba4e119,KXCPICOREYOY-25JUL-T3.0,34,2025-08-11T20:50:07.637139Z,56,44,yes
547,c88a92cd-c01f-4c21-8a65-ef0c79f31ab7,KXCPICOREYOY-25JUL-T3.0,142,2025-08-11T18:08:24.532127Z,57,43,yes
548,c028f616-d25a-44b3-a407-f241e5fa9626,KXCPICOREYOY-25JUL-T3.0,73,2025-08-11T18:08:24.532127Z,56,44,yes
549,baa2c0cf-79fb-4c7f-b3c1-9632a987811a,KXCPICOREYOY-25JUL-T3.0,1,2025-08-11T18:08:24.532127Z,59,41,yes
550,8962e8e6-af9c-4c5b-93ee-cc0c474aaca0,KXCPICOREYOY-25JUL-T3.0,200,2025-08-11T18:08:24.532127Z,50,50,yes
551,64bb7417-591c-41b8-81d6-95aedc55ef20,KXCPICOREYOY-25JUL-T3.0,703,2025-08-11T18:08:24.532127Z,49,51,yes
552,6256e400-9af7-43fa-ae2e-59ab52767edb,KXCPICOREYOY-25JUL-T3.0,5,2025-08-11T18:08:24.532127Z,49,51,yes
553,5135d33d-8a3c-4497-a46b-680fb76d9adc,KXCPICOREYOY-25JUL-T3.0,30,2025-08-11T18:08:24.532127Z,56,44,yes
554,3151e4f3-e83c-4ceb-8d61-d7c0141cabfe,KXCPICOREYOY-25JUL-T3.0,37,2025-08-11T18:08:24.532127Z,55,45,yes
555,290a2894-988a-4715-859f-07398ec7ef6d,KXCPICOREYOY-25JUL-T3.0,166,2025-08-11T18:08:24.532127Z,58,42,yes
556,22e97548-9dff-4310-8aa9-d1f4aaebd38f,KXCPICOREYOY-25JUL-T3.0,57,2025-08-11T18:08:24.532127Z,57,43,yes
557,0ba56220-ab2d-4562-be1e-830a6af09e1f,KXCPICOREYOY-25JUL-T3.0,67,2025-08-11T18:08:24.532127Z,58,42,yes
558,b307df7d-8300-4a9b-862b-ea8a8923a996,KXCPICOREYOY-25JUL-T3.0,24,2025-08-11T12:45:28.177184Z,48,52,yes
559,1c5d73ed-3ffd-47ca-bf54-811f9e781360,KXCPICOREYOY-25JUL-T3.0,76,2025-08-11T12:45:28.177184Z,49,51,yes
560,b67f0af2-4eb4-4e65-8a22-753bb4949f5d,KXCPICOREYOY-25JUL-T3.0,565,2025-08-11T11:56:25.052736Z,48,52,yes
561,bc139b49-3d64-4a2a-9a14-edf34ab337ee,KXCPICOREYOY-25JUL-T3.0,690,2025-08-11T11:56:11.739575Z,47,53,yes
562,d4a08653-83a4-44dd-aa5c-8cea608246f3,KXCPICOREYOY-25JUL-T3.0,615,2025-08-11T11:55:59.128952Z,46,54,yes
563,7dbe9869-47ff-46bc-9cb0-d897a8005312,KXCPICOREYOY-25JUL-T3.0,765,2025-08-11T11:55:42.516212Z,45,55,yes
564,86d49dd5-e962-45b7-9a66-c7b1a906a2da,KXCPICOREYOY-25JUL-T3.0,465,2025-08-11T11:55:33.918436Z,44,56,yes
565,fbc6f4bb-62c1-463e-9c67-0b9f0c94b392,KXCPICOREYOY-25JUL-T3.0,4,2025-08-11T00:35:13.95577Z,43,57,yes
566,bb80a8d7-234c-4031-95ad-195fa923be38,KXCPICOREYOY-25JUL-T3.0,2,2025-08-11T00:35:13.95577Z,44,56,yes
567,232f48ed-9c95-46a6-8e43-9b6c33d9c801,KXCPICOREYOY-25JUL-T3.0,1,2025-08-10T15:34:51.004047Z,43,57,yes
568,ceefe755-db34-48e0-835f-7065546b78ef,KXCPICOREYOY-25JUL-T3.0,1,2025-08-10T15:15:38.354623Z,38,62,no
569,71e65e52-ef75-4635-8b46-ec6a3a6e5811,KXCPICOREYOY-25JUL-T3.0,6,2025-08-09T03:53:13.375499Z,36,64,no
570,1b7fda14-4130-461c-84d3-8b41d0d44c95,KXCPICOREYOY-25JUL-T3.0,11,2025-08-09T03:46:35.968484Z,43,57,yes
571,d9cb8100-2155-4f2d-968b-3b659c47e11b,KXCPICOREYOY-25JUL-T3.0,2,2025-08-08T11:55:37.001822Z,41,59,yes
572,904b8458-8f0a-46a4-adc9-bea350820068,KXCPICOREYOY-25JUL-T3.0,10,2025-08-08T11:55:37.001822Z,40,60,yes
573,1318a3ed-3af4-4f40-a404-dba88c99cbad,KXCPICOREYOY-25JUL-T3.0,446,2025-08-08T11:55:37.001822Z,42,58,yes
574,15957330-869d-475a-b105-8eb5ab670a6b,KXCPICOREYOY-25JUL-T3.0,137,2025-08-07T16:12:58.528136Z,42,58,yes
575,566993f5-ce09-453b-bcb7-dcbee2393063,KXCPICOREYOY-25JUL-T3.0,50,2025-08-07T06:34:12.162824Z,41,59,no
576,514476e1-78d9-48f0-8e22-c0a530003f39,KXCPICOREYOY-25JUL-T3.0,81,2025-08-07T06:34:12.162824Z,41,59,no
577,11c79055-cd89-4b7d-b68f-b08b458ff0fe,KXCPICOREYOY-25JUL-T3.0,2,2025-08-07T06:34:12.162824Z,42,58,no
578,09caea38-466d-4094-a15c-0686562f6270,KXCPICOREYOY-25JUL-T3.0,31,2025-08-07T06:34:12.162824Z,41,59,no
579,78c6cf45-1b6f-49b9-b9b7-18a3dbbb3e75,KXCPICOREYOY-25JUL-T3.0,1,2025-08-06T23:33:02.587156Z,47,53,yes
580,b472b7a2-42cb-4635-9dec-bd826959d1cf,KXCPICOREYOY-25JUL-T3.0,400,2025-08-06T18:13:43.661844Z,42,58,no
581,eab3963d-11ab-4a06-b495-496890bba091,KXCPICOREYOY-25JUL-T3.0,205,2025-08-06T12:55:17.250719Z,47,53,yes
582,2a78197f-67d5-4779-8040-2746496dbaf3,KXCPICOREYOY-25JUL-T3.0,82,2025-08-06T02:26:02.203361Z,43,57,yes
583,7835de83-a822-4962-a60c-29ff65803f01,KXCPICOREYOY-25JUL-T3.0,116,2025-08-05T23:37:04.137193Z,42,58,no
584,46b868ab-61a6-45ba-a8a2-92181320cd93,KXCPICOREYOY-25JUL-T3.0,634,2025-08-05T23:37:04.137193Z,41,59,no
585,c6fa7e80-6be1-47d7-ab4d-4a47cc7f7aaa,KXCPICOREYOY-25JUL-T3.0,1000,2025-08-05T21:13:41.646323Z,43,57,no
586,8a7fba38-a9a6-4418-862a-7450fdb64b9f,KXCPICOREYOY-25JUL-T3.0,735,2025-08-05T21:13:41.646323Z,42,58,no
587,67e721be-17da-4115-b9e2-b0628b75d3ed,KXCPICOREYOY-25JUL-T3.0,15,2025-08-05T21:13:41.646323Z,44,56,no
588,e9f20f81-80c8-4f90-b2ed-4d1ecd3068d7,KXCPICOREYOY-25JUL-T3.0,851,2025-08-05T16:29:25.918363Z,44,56,no
589,0d84639d-b45f-4e0a-965c-01babe3a6b75,KXCPICOREYOY-25JUL-T3.0,100,2025-08-05T16:28:09.84716Z,44,56,no
590,8ec91ce5-4576-4631-a019-ac5522479474,KXCPICOREYOY-25JUL-T3.0,34,2025-08-05T14:41:36.832703Z,44,56,no
591,bb4ee93e-2d3e-49ac-b883-8e3a98ba158b,KXCPICOREYOY-25JUL-T3.0,88,2025-08-05T03:18:35.465026Z,48,52,yes
592,b82e209e-5aeb-4652-a8df-d352205e74cd,KXCPICOREYOY-25JUL-T3.0,50,2025-08-04T17:27:01.654441Z,47,53,yes
593,3849386c-2a35-4720-a031-0ef28b389e8d,KXCPICOREYOY-25JUL-T3.0,3000,2025-08-04T15:42:26.77683Z,46,54,yes
594,bc943c98-d064-4456-89c7-b69943c02723,KXCPICOREYOY-25JUL-T3.0,104,2025-08-04T14:33:46.255077Z,46,54,yes
595,a06e6039-e2b6-4353-a73f-af0d28758663,KXCPICOREYOY-25JUL-T3.0,5,2025-08-03T18:19:14.979889Z,47,53,yes
596,7f3994b6-aed0-4359-9cd7-8f12824d151b,KXCPICOREYOY-25JUL-T3.0,17,2025-08-03T18:19:14.979889Z,45,55,yes
597,6d5a7ded-1cfb-4b24-b48c-e7141a0ee406,KXCPICOREYOY-25JUL-T3.0,11,2025-08-03T18:19:14.979889Z,46,54,yes
598,4dc0c42f-f2eb-492d-a0e1-5dc83050db76,KXCPICOREYOY-25JUL-T3.0,1000,2025-08-03T18:19:14.979889Z,48,52,yes
599,3d4fd32b-5131-42c3-8e42-f1525657ca4c,KXCPICOREYOY-25JUL-T3.0,75,2025-08-02T14:40:41.511807Z,48,52,yes
600,5b00e23a-db64-477a-af03-74d1c1040806,KXCPICOREYOY-25JUL-T3.0,1621,2025-08-02T04:23:42.347369Z,40,60,no
601,ae0b8c2f-049b-4280-8edb-cdd402352e47,KXCPICOREYOY-25JUL-T3.0,42,2025-08-02T03:42:27.982132Z,48,52,yes
602,3d401c70-f1b0-4193-9993-e17ee473cbe2,KXCPICOREYOY-25JUL-T3.0,5,2025-08-02T03:42:27.982132Z,47,53,yes
603,ddafc236-7d73-4dac-9ab1-9a60932e39fd,KXCPICOREYOY-25JUL-T3.0,988,2025-08-02T02:07:01.062085Z,41,59,no
604,973cb2bc-3d02-486a-9928-fab65450c455,KXCPICOREYOY-25JUL-T3.0,114,2025-08-02T02:05:23.722288Z,4,96,no
605,88852cf0-95ed-49b3-830a-e3339e6d8c64,KXCPICOREYOY-25JUL-T3.0,1000,2025-08-02T02:05:23.722288Z,43,57,no
606,58f8f529-2033-441f-a547-0098fdd8b6d9,KXCPICOREYOY-25JUL-T3.0,5,2025-08-02T02:05:23.722288Z,42,58,no
607,8d3daf9d-78f6-4f1a-84c4-6a0d8d0d1333,KXCPICOREYOY-25JUL-T3.0,19,2025-08-01T22:22:15.15693Z,50,50,yes
608,03e4fbbe-be19-4918-95c7-2c7e0c29f91d,KXCPICOREYOY-25JUL-T3.0,17,2025-08-01T17:31:25.837152Z,46,54,no
609,dc3f5a3f-d645-40eb-bd2c-814a2c3c0548,KXCPICOREYOY-25JUL-T3.0,5,2025-07-31T15:02:34.159302Z,53,47,yes
610,dd0fccc7-c992-47ea-821a-5d092ad85dc0,KXCPICOREYOY-25JUL-T3.0,18,2025-07-31T06:04:39.382974Z,53,47,yes
611,2af4c296-d9a0-442b-b179-e018b693aff1,KXCPICOREYOY-25JUL-T3.0,50,2025-07-31T01:49:39.049858Z,45,55,no
612,8c5827da-060d-4698-b796-097cae4c7e09,KXCPICOREYOY-25JUL-T3.0,88,2025-07-31T01:48:15.372569Z,45,55,no
613,f77935e1-15c6-43bf-ad87-762eee7e7f76,KXCPICOREYOY-25JUL-T3.0,108,2025-07-30T23:44:01.611248Z,40,60,no
614,da2eaca2-717c-4aba-941a-86ba3371a1a9,KXCPICOREYOY-25JUL-T3.0,54,2025-07-30T23:44:01.611248Z,42,58,no
615,c52b6731-0492-4a79-aa84-715350518d4d,KXCPICOREYOY-25JUL-T3.0,140,2025-07-30T23:44:01.611248Z,39,61,no
616,bdd68cc3-8103-4bbf-b895-b25520ed4723,KXCPICOREYOY-25JUL-T3.0,108,2025-07-30T23:44:01.611248Z,41,59,no
617,bdc0f450-5bc0-4ed9-bbbf-75f45b0a7bd1,KXCPICOREYOY-25JUL-T3.0,5,2025-07-30T23:44:01.611248Z,48,52,no
618,8eb9983a-466b-4d6c-805c-ac3e8a35b75b,KXCPICOREYOY-25JUL-T3.0,43,2025-07-30T23:44:01.611248Z,39,61,no
619,8dd79d56-b797-41df-be82-db29aa29200e,KXCPICOREYOY-25JUL-T3.0,162,2025-07-30T23:44:01.611248Z,36,64,no
620,8520e832-22c1-4c5e-b06c-393bc06fba35,KXCPICOREYOY-25JUL-T3.0,62,2025-07-30T23:44:01.611248Z,38,62,no
621,7121ca15-ada3-4515-a5fd-4f0d0c8ac42a,KXCPICOREYOY-25JUL-T3.0,102,2025-07-30T23:44:01.611248Z,40,60,no
622,6f9fb61d-8bfe-49be-a791-fcd2e22135ce,KXCPICOREYOY-25JUL-T3.0,63,2025-07-30T23:44:01.611248Z,38,62,no
623,59558937-802b-49bb-b2c1-ba0326a7ffc0,KXCPICOREYOY-25JUL-T3.0,222,2025-07-30T23:44:01.611248Z,41,59,no
624,4e3bbf3c-ef95-4321-a637-c799d8d30653,KXCPICOREYOY-25JUL-T3.0,1000,2025-07-30T23:44:01.611248Z,47,53,no
625,254f11fc-5361-4271-9ed8-94bb67c46a8e,KXCPICOREYOY-25JUL-T3.0,63,2025-07-30T23:44:01.611248Z,39,61,no
626,1b04ec25-85c4-4784-acc9-d8891c5105dd,KXCPICOREYOY-25JUL-T3.0,258,2025-07-30T23:44:01.611248Z,37,63,no
627,11f361ec-4917-4ef4-934a-8c48bca57845,KXCPICOREYOY-25JUL-T3.0,127,2025-07-30T23:44:01.611248Z,38,62,no
628,259833f8-3606-404f-b3d9-6ded5e85cd9d,KXCPICOREYOY-25JUL-T3.0,9,2025-07-29T16:28:44.827091Z,51,49,no
629,3bd63266-8e81-44cf-a80a-ef0c75cdf8bc,KXCPICOREYOY-25JUL-T3.0,8,2025-07-28T23:07:36.367411Z,50,50,no
630,da0ef9e5-eb25-436b-b70e-5c38f68badc2,KXCPICOREYOY-25JUL-T3.0,10,2025-07-28T18:15:11.06829Z,50,50,no
631,5a2f04a3-4031-45d4-b236-ff2dd321d037,KXCPICOREYOY-25JUL-T3.0,1000,2025-07-27T02:19:26.716766Z,53,47,yes
632,b739cf78-cc33-4104-b9ec-8fb5b656a028,KXCPICOREYOY-25JUL-T3.0,5,2025-07-25T21:23:02.421866Z,54,46,yes
633,05a9570c-dd53-4a40-b0a6-ae640b5ccd25,KXCPICOREYOY-25JUL-T3.0,47,2025-07-25T20:31:51.911933Z,49,51,no
634,0a94253e-f3db-4d45-b6d7-379e110ca980,KXCPICOREYOY-25JUL-T3.0,5,2025-07-25T19:46:16.28035Z,49,51,no
635,f35ff8ad-66a8-4332-b860-f07b97758438,KXCPICOREYOY-25JUL-T3.0,11,2025-07-24T23:03:46.077321Z,49,51,no
636,c9e0bf16-fdc6-455e-a59d-4da633544a9c,KXCPICOREYOY-25JUL-T3.0,5,2025-07-22T19:47:02.361141Z,54,46,yes
637,5de221e4-9cf3-46ad-9f1d-33bb914320fa,KXCPICOREYOY-25JUL-T3.0,8,2025-07-19T23:46:06.792725Z,54,46,yes
638,8ceea910-6c7d-40cc-ba2c-b45894c4f8c9,KXCPICOREYOY-25JUL-T3.0,17,2025-07-19T20:21:42.891959Z,54,46,yes
639,902aedce-c438-4ca9-84b2-f5439d49a531,KXCPICOREYOY-25JUL-T3.0,8,2025-07-19T18:00:24.585831Z,54,46,yes
640,42b30471-ba01-4b44-a2ff-7b5b956cb6c7,KXCPICOREYOY-25JUL-T3.0,14,2025-07-19T03:43:19.875817Z,48,52,no
641,e070327a-dcd0-4a4d-abe6-6be33565222a,KXCPICOREYOY-25JUL-T3.0,13,2025-07-18T16:02:14.574486Z,48,52,no
642,2a506605-b765-4a29-b3b5-fcb7c11f4c45,KXCPICOREYOY-25JUL-T3.0,179,2025-07-18T16:02:14.574486Z,50,50,no
643,b0f16959-9420-4828-b1e9-06c6c0041893,KXCPICOREYOY-25JUL-T3.0,206,2025-07-18T03:52:06.113325Z,53,47,yes
644,0445dafe-86a0-49fe-aedc-5ed3489e97a3,KXCPICOREYOY-25JUL-T3.0,89,2025-07-17T23:46:38.929642Z,53,47,yes
645,327c69b1-88a5-4f68-9444-6b69f67c6b51,KXCPICOREYOY-25JUL-T3.0,42,2025-07-17T20:13:01.656552Z,50,50,no
646,cf05768b-9a85-4d81-8877-2adef0fc59c1,KXCPICOREYOY-25JUL-T3.0,19,2025-07-17T16:56:51.290155Z,50,50,no
647,e50cd62e-a78b-4688-8263-fd9d82243f0d,KXCPICOREYOY-25JUL-T3.0,493,2025-07-17T16:05:33.441129Z,53,47,yes
648,a33c2609-319f-4a89-a407-37858b4fe8dc,KXCPICOREYOY-25JUL-T3.0,10,2025-07-17T14:13:37.361133Z,50,50,no
649,f3ceaf14-e98e-4b89-aee9-fb5651564f6b,KXCPICOREYOY-25JUL-T3.0,222,2025-07-16T20:34:18.110934Z,46,54,no
650,42e1db84-9e8e-4553-bdb3-427ce0d66cf8,KXCPICOREYOY-25JUL-T3.0,1000,2025-07-16T20:21:10.792039Z,50,50,yes
651,f96a653a-08af-4091-8b87-e4f7aafaaa00,KXCPICOREYOY-25JUL-T3.0,47,2025-07-15T17:53:09.809395Z,44,56,no
652,96636d10-b705-4511-aee8-c390536dd986,KXCPICOREYOY-25JUL-T3.0,201,2025-07-15T17:53:09.809395Z,50,50,no
653,3ccd3146-e916-4272-a879-ff0068fb7d31,KXCPICOREYOY-25JUL-T3.0,123,2025-07-15T17:53:09.809395Z,46,54,no
654,a19d6711-6119-4016-b82e-88798064385a,KXCPICOREYOY-25JUL-T3.0,20,2025-07-15T15:53:01.150021Z,50,50,no
655,e58d142f-eb1e-44a3-bdeb-93eebd7531a5,KXCPICOREYOY-25JUL-T3.0,10,2025-07-15T14:47:52.41328Z,50,50,no
656,f67530cf-cc37-4c93-9ed1-b78e5fe82b9b,KXCPICOREYOY-25JUL-T3.0,10,2025-07-15T14:07:53.070177Z,50,50,no
657,3708e43c-4ff1-4e5a-b29a-81a2888b018b,KXCPICOREYOY-25JUL-T3.0,10,2025-07-15T13:58:08.558708Z,50,50,no
658,3d153aaa-8b3d-4be2-943d-04b0077dbc90,KXCPICOREYOY-25JUL-T3.0,10,2025-07-15T13:50:34.781869Z,50,50,no
659,7bc44550-26ad-4717-8e78-5a790c2d1014,KXCPICOREYOY-25JUL-T3.0,10,2025-07-15T13:42:04.112889Z,50,50,no
660,63021d8b-5582-4c83-9b27-4305182f8285,KXCPICOREYOY-25JUL-T3.0,10,2025-07-15T13:34:52.37766Z,50,50,no
661,c09f3845-e6c3-47dd-8e0c-a89517691ee3,KXCPICOREYOY-25JUL-T3.0,10,2025-07-15T13:21:06.306534Z,50,50,no
662,8b76711a-4e3e-4680-b86e-956370b70ba4,KXCPICOREYOY-25JUL-T3.0,10,2025-07-15T13:13:37.265024Z,50,50,no
663,914dd6c7-9747-479e-a0fa-2b319f076797,KXCPICOREYOY-25JUL-T3.0,50,2025-07-15T13:07:28.110174Z,55,45,yes
664,147ff93d-bd5f-409a-8201-10e5447246e1,KXCPICOREYOY-25JUL-T3.0,46,2025-07-15T13:07:28.110174Z,54,46,yes
665,03c29972-37e5-412c-beb5-a40887e41085,KXCPICOREYOY-25JUL-T3.0,42,2025-07-15T13:03:22.519439Z,51,49,no
666,71fae66b-2344-4626-bef4-f4c832f394c9,KXCPICOREYOY-25JUL-T3.0,46,2025-07-15T13:02:59.809615Z,51,49,no
667,c0d26ece-b65f-463c-a4f7-fdd685e66f9a,KXCPICOREYOY-25JUL-T3.0,42,2025-07-15T13:02:54.42004Z,50,50,no
668,4afe8950-6a35-47da-801a-9d5d0ce6d66f,KXCPICOREYOY-25JUL-T3.0,96,2025-07-15T13:02:52.699171Z,50,50,no
669,24385f48-5538-4d88-8311-947ac48897b0,KXCPICOREYOY-25JUL-T3.0,4,2025-07-15T13:02:16.200414Z,50,50,no
670,ac4fe59e-9bfa-4891-b478-5aaf9552d808,KXCPICOREYOY-25JUL-T3.0,10,2025-07-15T13:02:09.885452Z,50,50,no
671,67165bb7-951e-4a05-80fa-8771c6971fb8,KXCPICOREYOY-25JUL-T3.0,2,2025-07-15T13:01:43.619684Z,50,50,no
672,1a1d1561-e7ea-4af5-b1e2-50599c5cc5ac,KXCPICOREYOY-25JUL-T3.0,10,2025-07-15T13:01:40.097011Z,50,50,no
673,afe64002-9ac6-4caa-965a-c44ed9ddcffe,KXCPICOREYOY-25JUL-T3.0,5,2025-07-15T13:01:10.284964Z,50,50,no
674,b48f95d1-0bac-45a2-b417-245f763ed14d,KXCPICOREYOY-25JUL-T3.0,10,2025-07-15T13:01:07.364941Z,50,50,no
675,7065342b-063e-4618-9c3d-8d9b3771caad,KXCPICOREYOY-25JUL-T3.0,20,2025-07-15T12:59:47.879096Z,50,50,yes
676,fb80ec28-c500-4a05-be2e-98d5e9a36801,KXCPICOREYOY-25JUL-T3.0,160,2025-07-15T12:53:53.621957Z,46,54,yes
677,3a1399ca-63c5-404e-936e-2b55c8efebc5,KXCPICOREYOY-25JUL-T3.0,144,2025-07-15T12:53:53.621957Z,48,52,yes
678,8a460c17-1288-455a-8c65-6a225a3a61b7,KXCPICOREYOY-25JUL-T3.0,10,2025-07-10T18:45:46.112651Z,37,63,no
679,8f04e5e1-b17b-4a6e-896c-e375fe92f1d4,KXCPICOREYOY-25JUL-T3.0,10,2025-07-10T18:37:42.341528Z,37,63,no
680,a5135708-341b-482f-9646-5feae91e3a48,KXCPICOREYOY-25JUL-T3.0,75,2025-07-10T18:18:13.60644Z,35,65,yes
681,398c7bef-d8fa-4299-8265-23a77192cfb6,KXCPICOREYOY-25JUL-T3.0,200,2025-07-10T18:18:13.60644Z,37,63,yes
682,d16ca74d-6b2f-4c2f-a273-aa4c5ff87ebf,KXCPICOREYOY-25JUL-T3.0,250,2025-07-08T05:18:55.137566Z,20,80,no
683,0aee370e-2451-42c1-b1fe-d160115b51c8,KXCPICOREYOY-25JUL-T3.0,44,2025-07-08T05:18:55.137566Z,20,80,no
684,ae714414-4d92-439e-add6-f48c318e8612,KXCPICOREYOY-25JUL-T3.0,133,2025-07-04T02:29:33.330084Z,28,72,no
685,66d0186f-4b69-4186-b527-37ed2e6ffa76,KXCPICOREYOY-25JUL-T3.0,133,2025-07-04T02:29:33.330084Z,26,74,no
686,16437be1-f588-46c5-a92a-d2dddce5472a,KXCPICOREYOY-25JUL-T3.0,19,2025-07-04T02:29:33.330084Z,30,70,no
687,db990694-54e4-4165-b14b-911cddef684f,KXCPICOREYOY-25JUL-T3.0,45,2025-07-03T15:31:39.448583Z,33,67,no
688,d9bf5743-8fd2-4d32-b0ed-a3c507fffa26,KXCPICOREYOY-25JUL-T3.0,5,2025-07-03T15:31:39.448583Z,31,69,no
689,1f3ee650-18c9-41fa-9f15-e20146b9d585,KXCPICOREYOY-25JUL-T3.0,10,2025-07-01T21:42:18.993365Z,34,66,no
690,f9b975a2-5f3a-4989-ac33-506c69dbb0c2,KXCPICOREYOY-25JUL-T3.0,10,2025-07-01T21:39:39.506383Z,34,66,no
691,7762dbc7-87b0-4806-a5c6-0f8e14a81350,KXCPICOREYOY-25JUL-T3.0,10,2025-07-01T21:39:08.582724Z,34,66,no
692,63e8b01b-6f37-44c1-ab47-2ca8ae1aadae,KXCPICOREYOY-25JUL-T3.0,10,2025-07-01T21:38:06.40245Z,34,66,no
693,b6b44a19-a05f-4711-b3df-2aa59b48c3dc,KXCPICOREYOY-25JUL-T3.0,10,2025-07-01T21:35:59.577274Z,34,66,no
694,747118ef-4180-4c16-be62-099135d81065,KXCPICOREYOY-25JUL-T3.0,10,2025-07-01T21:35:28.8779Z,34,66,no
695,a3b48b1a-9517-4313-8c90-685d9d6ce96b,KXCPICOREYOY-25JUL-T3.0,10,2025-07-01T21:33:34.96388Z,34,66,no
696,28638c18-3ec0-4b25-9c75-1af75db90082,KXCPICOREYOY-25JUL-T3.0,10,2025-07-01T21:32:58.440852Z,34,66,no
697,b50a611e-d9d8-4054-b81d-9672d4433557,KXCPICOREYOY-25JUL-T2.9,130,2025-08-12T12:20:26.241394Z,90,10,yes
698,ca6e8eea-c1de-4ff7-94c5-dce2a89eb18b,KXCPICOREYOY-25JUL-T2.9,40,2025-08-12T04:06:53.350234Z,85,15,no
699,4cd78cba-ffc4-41a7-b1bb-f8b3e5e3d2fd,KXCPICOREYOY-25JUL-T2.9,275,2025-08-12T00:00:04.149211Z,90,10,yes
700,d6ba6f61-2684-45f5-bbbe-dfc0b5fd3300,KXCPICOREYOY-25JUL-T2.9,66,2025-08-11T22:05:28.197203Z,90,10,yes
701,98ed3d86-09b3-483d-8b65-b39728f3814a,KXCPICOREYOY-25JUL-T2.9,111,2025-08-11T19:38:24.767315Z,89,11,yes
702,80a1685a-1956-40f0-8d1d-b030fb25c5c5,KXCPICOREYOY-25JUL-T2.9,500,2025-08-11T10:36:16.141426Z,87,13,yes
703,848ea1b7-9b17-4ae3-bbdf-0b41dc80f405,KXCPICOREYOY-25JUL-T2.9,10,2025-08-10T16:56:55.29936Z,84,16,no
704,67be612d-dbe9-45a6-9a6c-de165afd3c82,KXCPICOREYOY-25JUL-T2.9,29,2025-08-10T16:56:54.779838Z,86,14,yes
705,ad7e92c9-9d06-471a-84ee-63df5f96453c,KXCPICOREYOY-25JUL-T2.9,6,2025-08-09T03:53:37.71635Z,86,14,yes
706,810bdff6-493c-4af3-aa42-495ba81e9b75,KXCPICOREYOY-25JUL-T2.9,596,2025-08-09T02:59:31.313793Z,86,14,yes
707,3ae03669-0016-4581-87b6-bfccbf9ace01,KXCPICOREYOY-25JUL-T2.9,595,2025-08-09T02:59:08.226241Z,85,15,yes
708,f4f946e6-21ec-4854-b128-c7c76beac8df,KXCPICOREYOY-25JUL-T2.9,806,2025-08-09T02:55:15.728559Z,84,16,yes
709,dbf13e2a-15e8-44a5-9081-3936cde1e13b,KXCPICOREYOY-25JUL-T2.9,3,2025-08-09T02:55:15.728559Z,84,16,yes
710,36a38537-a759-4023-8022-c075fb6c1875,KXCPICOREYOY-25JUL-T2.9,26,2025-08-08T03:22:34.116849Z,82,18,no
711,573a06f9-4cc5-4652-ba41-3af529c29a96,KXCPICOREYOY-25JUL-T2.9,5,2025-08-07T21:38:10.081044Z,82,18,no
712,24a2fd56-3db6-4533-ad77-80847a50778e,KXCPICOREYOY-25JUL-T2.9,131,2025-08-07T06:33:34.459369Z,82,18,no
713,0a2d8512-2351-4956-a76c-e64fee215623,KXCPICOREYOY-25JUL-T2.9,5,2025-08-07T06:30:51.106265Z,82,18,no
714,bf4645c0-cc63-4bf8-ad2a-73d8d7b41f57,KXCPICOREYOY-25JUL-T2.9,10,2025-08-04T20:09:10.507509Z,82,18,no
715,35e5d046-a598-4f07-a843-8e7678d0b6f3,KXCPICOREYOY-25JUL-T2.9,100,2025-08-04T15:42:02.632023Z,85,15,yes
716,6af3abae-8019-41bf-89de-456c45f31e8b,KXCPICOREYOY-25JUL-T2.9,595,2025-08-04T14:28:01.961954Z,83,17,yes
717,0088ba80-4583-4e6c-a3c9-7686a30d3443,KXCPICOREYOY-25JUL-T2.9,75,2025-08-02T14:40:55.165409Z,83,17,yes
718,6621f238-f726-431e-9e02-2de41f435b77,KXCPICOREYOY-25JUL-T2.9,380,2025-08-02T02:07:08.132094Z,80,20,no
719,645b336b-ca6a-40d2-afd4-4f64d88e43b3,KXCPICOREYOY-25JUL-T2.9,10,2025-08-01T23:17:53.213042Z,80,20,no
720,745450ae-ffeb-4977-984a-89de2c1176a1,KXCPICOREYOY-25JUL-T2.9,10,2025-08-01T17:44:58.325201Z,78,22,no
721,2e6d4c9b-e856-45ae-8442-b13348279faa,KXCPICOREYOY-25JUL-T2.9,46,2025-07-31T22:58:21.632647Z,86,14,yes
722,2a42d6dc-9c27-4960-9b21-8bb419e49671,KXCPICOREYOY-25JUL-T2.9,28,2025-07-31T16:45:12.233691Z,77,23,no
723,8ecba160-3df8-4b76-a1bd-69c6c978b046,KXCPICOREYOY-25JUL-T2.9,95,2025-07-31T01:47:58.109928Z,75,25,no
724,b78d1b39-b929-45c3-a4f2-31918a65299a,KXCPICOREYOY-25JUL-T2.9,3,2025-07-30T01:36:32.922254Z,76,24,no
725,52433a5c-b33d-40b2-970c-79ee93e2f94c,KXCPICOREYOY-25JUL-T2.9,1000,2025-07-29T01:53:33.121719Z,83,17,yes
726,c97b6b16-2594-48ad-a1de-72fcdad14f0c,KXCPICOREYOY-25JUL-T2.9,190,2025-07-24T22:55:54.162078Z,75,25,no
727,746b48f9-fe44-4766-a988-a28f16c0b143,KXCPICOREYOY-25JUL-T2.9,20,2025-07-24T03:39:32.999228Z,74,26,no
728,4f9130ba-b702-43ad-ad82-537af29528e5,KXCPICOREYOY-25JUL-T2.9,28,2025-07-23T21:04:45.573953Z,81,19,yes
729,0f1e08d9-0300-4fc0-a155-8e8158f286bc,KXCPICOREYOY-25JUL-T2.9,6,2025-07-22T02:21:54.058826Z,82,18,yes
730,841bb3f7-67a0-452e-b77d-3af949a2ec91,KXCPICOREYOY-25JUL-T2.9,10,2025-07-21T19:46:36.56413Z,77,23,no
731,e956d942-20c6-47d5-9e84-e106959863d2,KXCPICOREYOY-25JUL-T2.9,10,2025-07-21T19:30:48.609686Z,77,23,no
732,cb2edba4-e7a5-4166-9a3a-1dd993f06e14,KXCPICOREYOY-25JUL-T2.9,10,2025-07-21T19:08:57.482021Z,76,24,no
733,c998426b-957c-40d2-93f5-6806c748f579,KXCPICOREYOY-25JUL-T2.9,990,2025-07-21T19:07:32.377392Z,81,19,yes
734,0b91dce7-fd07-4e3f-8800-da9ec152796b,KXCPICOREYOY-25JUL-T2.9,6,2025-07-19T20:21:30.096608Z,80,20,yes
735,2353504b-9561-4681-acb4-30179ce92c59,KXCPICOREYOY-25JUL-T2.9,1,2025-07-18T17:40:43.705296Z,80,20,yes
736,01ea4504-53c1-4bb2-98a7-510d54beb651,KXCPICOREYOY-25JUL-T2.9,10,2025-07-18T01:24:32.063253Z,74,26,no
737,c24a2594-e9f8-4014-9006-8b7cc11d372b,KXCPICOREYOY-25JUL-T2.9,10,2025-07-17T01:58:39.370922Z,74,26,no
738,56f23763-aec8-4ff9-9f2b-9c37b38e8fa2,KXCPICOREYOY-25JUL-T2.9,10,2025-07-16T23:34:44.911236Z,74,26,no
739,5da38e68-510a-4205-91f9-6ed6b452decc,KXCPICOREYOY-25JUL-T2.9,10,2025-07-16T21:30:46.749451Z,73,27,no
740,afdb876b-93c6-40a7-88eb-7e1b873650d3,KXCPICOREYOY-25JUL-T2.9,1000,2025-07-16T20:21:21.37875Z,78,22,yes
741,49834025-58e1-44f0-96f3-a6e82703e7ec,KXCPICOREYOY-25JUL-T2.9,26,2025-07-15T18:08:41.158429Z,73,27,yes
742,dda8789a-770d-4d97-8b4c-3bda81f174aa,KXCPICOREYOY-25JUL-T2.9,289,2025-07-15T17:54:26.422075Z,63,37,no
743,741f551b-a452-4f07-9551-20c9406f55cb,KXCPICOREYOY-25JUL-T2.9,104,2025-07-15T17:54:26.422075Z,65,35,no
744,cca80091-7634-46fa-b312-f9e59b696fe5,KXCPICOREYOY-25JUL-T2.9,13,2025-07-15T14:47:50.397926Z,75,25,yes
745,9e613b06-5dd4-40f6-901e-a841b1b24f75,KXCPICOREYOY-25JUL-T2.9,101,2025-07-15T13:08:21.265095Z,75,25,yes
746,98485ad9-3bfb-468b-8b36-ffdc3ce56bee,KXCPICOREYOY-25JUL-T2.9,40,2025-07-15T13:03:17.475696Z,64,36,no
747,5252ee7a-0430-44e6-a0b3-26c936c24d2c,KXCPICOREYOY-25JUL-T2.9,61,2025-07-15T13:03:17.475696Z,62,38,no
748,c43ef039-d795-44e6-a793-800d2f6ba396,KXCPICOREYOY-25JUL-T2.9,270,2025-07-15T12:41:45.027754Z,70,30,yes
749,7364cc4d-4777-4eef-9578-d1744d6222c5,KXCPICOREYOY-25JUL-T2.9,100,2025-07-15T12:41:45.027754Z,68,32,yes
750,eddc5055-50f9-4ca0-8e3b-84b612306157,KXCPICOREYOY-25JUL-T2.9,10,2025-07-10T18:37:42.273745Z,63,37,no
751,defe939e-b8ef-4561-b28d-04f908bce385,KXCPICOREYOY-25JUL-T2.9,200,2025-07-10T17:20:41.47551Z,61,39,yes
752,b47070e9-de53-4429-a5e4-576368174cdb,KXCPICOREYOY-25JUL-T2.9,95,2025-07-10T17:20:41.47551Z,59,41,yes
753,a785fc88-f2f0-4257-acf1-d7fb62953779,KXCPICOREYOY-25JUL-T2.9,19,2025-07-10T17:20:41.47551Z,58,42,yes
754,c202469f-f246-4750-b473-d680bdd6ac64,KXCPICOREYOY-25JUL-T2.9,200,2025-07-10T04:08:35.663445Z,56,44,yes
755,381f332d-302e-496b-8de5-b5fbcd072e14,KXCPICOREYOY-25JUL-T2.9,5,2025-07-10T04:08:35.663445Z,53,47,yes
756,28bd7071-ecbc-4aee-b67c-0489d1bd4751,KXCPICOREYOY-25JUL-T2.9,4,2025-07-10T04:08:35.663445Z,54,46,yes
757,1f546acc-2295-4301-97a0-5986c1dc5463,KXCPICOREYOY-25JUL-T2.9,75,2025-07-10T04:08:35.663445Z,54,46,yes
758,1dc12207-62ff-4da4-baee-0e120d31a377,KXCPICOREYOY-25JUL-T2.9,5,2025-07-10T04:08:35.663445Z,58,42,yes
759,0c078078-8c8f-4613-a489-e0732da9121f,KXCPICOREYOY-25JUL-T2.9,195,2025-07-10T04:08:35.663445Z,58,42,yes
760,cff6d29e-5d22-49dd-b3dc-304a4998e4d9,KXCPICOREYOY-25JUL-T2.9,10,2025-07-08T22:18:04.033534Z,53,47,yes
761,e5252936-4d89-42b0-a539-eec613a3507f,KXCPICOREYOY-25JUL-T2.9,1,2025-07-08T05:18:13.29652Z,55,45,no
762,6b4dccd0-ad15-4b7b-9d9f-4deb2e3566f1,KXCPICOREYOY-25JUL-T2.9,133,2025-07-08T05:18:13.29652Z,51,49,no
763,2f461437-6bae-45b3-a828-09c4901b149f,KXCPICOREYOY-25JUL-T2.9,133,2025-07-08T05:18:13.29652Z,53,47,no
764,9c3c014a-2937-467f-8b1f-68d4b4511e6f,KXCPICOREYOY-25JUL-T2.9,101,2025-07-03T20:54:40.462053Z,63,37,no
765,7feb4107-527d-4fda-aed6-5ca0bb7fd4f6,KXCPICOREYOY-25JUL-T2.9,400,2025-07-03T20:54:40.462053Z,59,41,no
766,37b7090a-764f-40ea-b658-cc0455bfd8fc,KXCPICOREYOY-25JUL-T2.9,400,2025-07-03T20:54:40.462053Z,61,39,no
767,8bb9be5c-964a-43b7-9d91-7449774b0ce2,KXCPICOREYOY-25JUL-T2.9,36,2025-07-03T15:30:12.92505Z,64,36,no
768,7f7e7ced-1d5f-4bce-946d-9214b1d5ca3c,KXCPICOREYOY-25JUL-T2.9,24,2025-07-03T15:30:12.92505Z,62,38,no
769,40ee6801-d635-4b43-9629-f785b1a4f4b7,KXCPICOREYOY-25JUL-T2.9,10,2025-07-01T21:57:13.485938Z,64,36,no
770,4788f7fe-64e8-40ed-947b-f1db5f01bf76,KXCPICOREYOY-25JUL-T2.9,10,2025-07-01T21:54:28.867205Z,64,36,no
771,abf14daf-57f0-462f-a110-19aa166b5c12,KXCPICOREYOY-25JUL-T2.9,10,2025-07-01T21:50:44.706698Z,65,35,no
772,075bdd0b-7e60-4bd7-a69b-ce12610abee3,KXCPICOREYOY-25JUL-T2.9,10,2025-07-01T21:50:03.784423Z,65,35,no
773,c1c8cf65-77e0-4187-b3b0-e72b9ccb295c,KXCPICOREYOY-25JUL-T2.9,10,2025-07-01T21:49:30.298523Z,65,35,no
774,da1b71d5-53b0-4949-92b7-8f97dee44003,KXCPICOREYOY-25JUL-T2.9,10,2025-07-01T21:48:57.744241Z,65,35,no
775,edd3055a-d2ad-4b22-951f-884976a175a7,KXCPICOREYOY-25JUL-T2.9,10,2025-07-01T21:48:25.36878Z,65,35,no
776,3aea638b-f507-49ed-88ae-78963529c9b0,KXCPICOREYOY-25JUL-T2.9,10,2025-07-01T21:47:54.191927Z,65,35,no
777,85cdfa3e-01bf-4d45-94e0-6d41fe512a95,KXCPICOREYOY-25JUL-T2.9,10,2025-07-01T21:46:48.881736Z,65,35,no
778,5a42729c-ec04-4433-9095-cdad611ae984,KXCPICOREYOY-25JUL-T2.9,10,2025-07-01T21:45:45.653589Z,65,35,no
779,e54bc646-75b8-4983-b0ab-8a74d6c490fa,KXCPICOREYOY-25JUL-T2.9,10,2025-07-01T21:45:14.200026Z,65,35,no
780,c779a939-f11a-442d-85bd-219eb07b34d3,KXCPICOREYOY-25JUL-T2.9,10,2025-07-01T21:44:42.551836Z,65,35,no
781,41acfde7-8322-4fc5-a2d0-df688c04e026,KXCPICOREYOY-25JUL-T2.9,10,2025-07-01T21:44:02.668264Z,65,35,no
782,31be0eaf-053a-41e7-99a4-6f068f316385,KXCPICOREYOY-25JUL-T2.9,8,2025-07-01T21:43:19.56146Z,65,35,no
783,4dc97ab5-e791-4483-9d09-d424116ef5f5,KXCPICOREYOY-25JUL-T2.9,2,2025-07-01T21:42:49.438343Z,66,34,no
784,85ee792b-d0c1-4681-804a-54bb1ab4ad51,KXCPICOREYOY-25JUL-T2.9,10,2025-07-01T21:41:46.832098Z,66,34,no
785,cd6f2e0c-fe5c-4bb7-8fd3-38cd1997b0e1,KXCPICOREYOY-25JUL-T2.9,10,2025-07-01T21:40:10.032234Z,66,34,no
786,b7e6f5e8-653a-46f4-88cb-98fa3f31fbee,KXCPICOREYOY-25JUL-T2.9,10,2025-07-01T21:39:39.262813Z,66,34,no
787,c47ad2a8-0f87-42dd-8727-b3a119ca9c17,KXCPICOREYOY-25JUL-T2.9,10,2025-07-01T21:39:08.640212Z,66,34,no
788,64c22cf4-390e-41b0-a8ba-d02edb438f87,KXCPICOREYOY-25JUL-T2.9,10,2025-07-01T21:36:33.295244Z,66,34,no
789,2e099bda-cf18-491f-bee8-8940916a8aff,KXCPICOREYOY-25JUL-T2.9,10,2025-07-01T21:35:59.637589Z,66,34,no
790,39273b4c-5cb9-4644-86f6-a2a4f4f4a2be,KXCPICOREYOY-25JUL-T2.9,10,2025-07-01T21:33:34.907822Z,66,34,no
791,f44d72cf-2609-4735-8c02-02c98f4a4c61,KXCPICOREYOY-25JUL-T2.9,10,2025-07-01T21:32:58.500185Z,66,34,no
792,d9c0610e-c6ce-4cfc-bf61-7c49b0412d91,KXCPICOREYOY-25JUN-T2.8,50,2025-07-15T12:17:25.900306Z,78,22,yes
793,24e5dcfb-90dd-43ba-9359-2093b64c8b3a,KXCPICOREYOY-25JUN-T2.8,126,2025-07-15T06:25:40.216576Z,78,22,yes
794,23b9855a-f657-4b08-9981-856552a43790,KXCPICOREYOY-25JUN-T2.8,49,2025-07-15T06:20:14.443639Z,78,22,yes
795,91662189-cbbd-4abd-ba82-2847dc37cdfb,KXCPICOREYOY-25JUN-T2.8,3003,2025-07-15T06:01:39.480565Z,71,29,no
796,bd5c5d57-3951-40cd-a982-92cb424f4612,KXCPICOREYOY-25JUN-T2.8,2368,2025-07-15T03:29:00.915666Z,76,24,yes
797,88bb1136-80e7-481b-b85a-0daa51125a67,KXCPICOREYOY-25JUN-T2.8,132,2025-07-15T03:29:00.915666Z,74,26,yes
798,ae4d12d2-0239-4271-96a5-5d675e23b257,KXCPICOREYOY-25JUN-T2.8,10,2025-07-15T03:25:32.984858Z,74,26,yes
799,e6d1b157-17b8-409b-87c9-7b6813b5d272,KXCPICOREYOY-25JUN-T2.8,1,2025-07-15T01:55:23.462246Z,75,25,yes
800,5c2233cf-bbde-4975-a96d-e066ac0fa15c,KXCPICOREYOY-25JUN-T2.8,10,2025-07-15T00:59:58.066139Z,75,25,yes
801,51e57971-12c6-49fe-8f02-756a3aba8ef0,KXCPICOREYOY-25JUN-T2.8,10,2025-07-15T00:54:59.176956Z,75,25,yes
802,91bfeca1-ab26-467f-8559-4577ec1587d8,KXCPICOREYOY-25JUN-T2.8,10,2025-07-14T23:54:59.055788Z,75,25,yes
803,ed6d2f97-a658-47d9-8ecf-cb0247d47b79,KXCPICOREYOY-25JUN-T2.8,249,2025-07-14T23:32:46.66528Z,79,21,yes
804,28852d96-7b1e-4727-9c74-b099e38dcc36,KXCPICOREYOY-25JUN-T2.8,17,2025-07-14T23:25:48.329395Z,78,22,yes
805,0d4b2bda-d033-4ce5-9558-e043c34c6df2,KXCPICOREYOY-25JUN-T2.8,232,2025-07-14T23:25:48.329395Z,79,21,yes
806,8ce6c215-7086-4bbd-8081-ccd54c225c17,KXCPICOREYOY-25JUN-T2.8,201,2025-07-14T22:41:45.218119Z,78,22,yes
807,1511925d-894c-4bd0-afcb-860ac3af4008,KXCPICOREYOY-25JUN-T2.8,52,2025-07-14T22:41:45.218119Z,77,23,yes
808,5a9a2dc9-4157-4375-961d-120adbc28f27,KXCPICOREYOY-25JUN-T2.8,35,2025-07-14T22:08:15.668167Z,78,22,yes
809,c6b41600-c07f-4dd2-9266-30028009de6f,KXCPICOREYOY-25JUN-T2.8,61,2025-07-14T22:07:09.860556Z,85,15,yes
810,4c72c6a4-7c3f-45d3-89c0-0b6f0185ffab,KXCPICOREYOY-25JUN-T2.8,80,2025-07-14T22:07:09.860556Z,85,15,yes
811,43b22d08-cc1a-4369-a134-b0a35889da9b,KXCPICOREYOY-25JUN-T2.8,134,2025-07-14T22:07:09.860556Z,86,14,yes
812,b455c3ce-3478-419c-8d86-51b98d7f34de,KXCPICOREYOY-25JUN-T2.8,1100,2025-07-14T22:07:08.517176Z,78,22,yes
813,e5691321-f4fb-48bd-8be6-1161d5b51426,KXCPICOREYOY-25JUN-T2.8,550,2025-07-14T21:54:40.307694Z,77,23,yes
814,f386019c-ea6c-4ae2-b3dd-b045be40ce6e,KXCPICOREYOY-25JUN-T2.8,10,2025-07-14T20:49:33.050646Z,74,26,yes
815,80453a24-9020-4a2e-a7ce-aebb07740acf,KXCPICOREYOY-25JUN-T2.8,178,2025-07-14T20:47:51.156116Z,71,29,no
816,3c3a214f-09b3-42e1-aee7-25031768dc8f,KXCPICOREYOY-25JUN-T2.8,150,2025-07-14T20:47:51.156116Z,72,28,no
817,e3e60be9-474d-4608-9987-1ceb4b5be8fd,KXCPICOREYOY-25JUN-T2.8,950,2025-07-14T20:36:31.893822Z,73,27,yes
818,837af9fe-fb5f-45e4-9935-5568925eba48,KXCPICOREYOY-25JUN-T2.8,10,2025-07-14T20:36:31.730826Z,73,27,yes
819,8ab75579-1b9f-43be-b586-e702df552dc7,KXCPICOREYOY-25JUN-T2.8,10,2025-07-14T20:33:44.898206Z,73,27,yes
820,997b1b49-8afa-4006-b963-9599fefeecb4,KXCPICOREYOY-25JUN-T2.8,114,2025-07-14T19:15:02.202367Z,71,29,no
821,ba430ff4-8c2a-4240-b3e7-68876fa65582,KXCPICOREYOY-25JUN-T2.8,9,2025-07-14T17:15:52.475754Z,71,29,no
822,d55ac0ac-b985-4802-8f36-501941e60337,KXCPICOREYOY-25JUN-T2.8,204,2025-07-14T17:13:19.167704Z,72,28,yes
823,a7f82d3f-96f9-4faa-ae27-a8a87ebea391,KXCPICOREYOY-25JUN-T2.8,300,2025-07-14T15:00:51.39691Z,73,27,yes
824,04a47f4a-8f19-4164-9425-e4d33e6bbaf6,KXCPICOREYOY-25JUN-T2.8,125,2025-07-14T12:32:51.026788Z,71,29,yes
825,cf12990d-2efe-4890-9511-bffb2d63ac19,KXCPICOREYOY-25JUN-T2.8,100,2025-07-13T17:12:01.117629Z,72,28,yes
826,c55887cb-ec8a-44a8-a323-e0971d101014,KXCPICOREYOY-25JUN-T2.8,250,2025-07-13T17:07:30.305027Z,71,29,yes
827,48e16d75-412e-4333-a61d-9c0841ad9840,KXCPICOREYOY-25JUN-T2.8,10,2025-07-13T16:02:37.506822Z,71,29,yes
828,c6a342e7-6b59-4e2e-a8c7-f2321c589d7b,KXCPICOREYOY-25JUN-T2.8,10,2025-07-13T16:02:11.276978Z,71,29,yes
829,a063e80b-bdb4-4909-a0f4-b1ffdb40a5c1,KXCPICOREYOY-25JUN-T2.8,10,2025-07-13T12:05:18.361663Z,71,29,yes
830,e7196147-8001-40c1-9888-77b9db6fca09,KXCPICOREYOY-25JUN-T2.8,10,2025-07-13T12:04:48.211563Z,71,29,yes
831,689bdc76-7190-4015-bb89-8c94a040089c,KXCPICOREYOY-25JUN-T2.8,99,2025-07-13T01:36:41.362808Z,71,29,yes
832,943c1c2a-521e-45a1-97e9-8f256b57114c,KXCPICOREYOY-25JUN-T2.8,10,2025-07-12T00:48:37.746431Z,72,28,yes
833,6ea64986-0acc-476c-84e6-7dba1e3e3925,KXCPICOREYOY-25JUN-T2.8,10,2025-07-12T00:47:38.307548Z,72,28,yes
834,911bd481-c300-439f-915b-192a015ccf88,KXCPICOREYOY-25JUN-T2.8,10,2025-07-12T00:47:37.893911Z,72,28,yes
835,f78fdf01-98e6-40d8-8cba-fb45cc7b2f87,KXCPICOREYOY-25JUN-T2.8,10,2025-07-11T23:44:08.261Z,73,27,yes
836,7f105f71-a05b-42c6-b0af-c7a491fd9f95,KXCPICOREYOY-25JUN-T2.8,10,2025-07-11T23:43:38.208279Z,73,27,yes
837,de0ffc09-b265-483f-aeb5-628be5ed2833,KXCPICOREYOY-25JUN-T2.8,10,2025-07-11T23:25:48.818454Z,72,28,yes
838,a7dc0b7c-3664-4e1c-8332-9c5a02fc9733,KXCPICOREYOY-25JUN-T2.8,10,2025-07-11T22:35:13.322936Z,72,28,yes
839,a2986ab0-8703-4ca5-acf4-91f5b0aae169,KXCPICOREYOY-25JUN-T2.8,48,2025-07-11T17:32:28.611657Z,64,36,no
840,30443c8d-7e27-40b0-b9fb-aef145607c0f,KXCPICOREYOY-25JUN-T2.8,18,2025-07-11T17:32:28.611657Z,65,35,no
841,c08e74aa-15a9-4695-959d-66fd67e4f4c4,KXCPICOREYOY-25JUN-T2.8,1,2025-07-10T14:45:32.931541Z,69,31,no
842,721e3425-7dc5-4751-b027-4713f86e0080,KXCPICOREYOY-25JUN-T2.8,417,2025-07-08T18:15:41.05322Z,67,33,no
843,4c830cb2-7bd7-4879-b34d-eaeabffeb5d5,KXCPICOREYOY-25JUN-T2.8,17,2025-07-08T18:15:41.05322Z,68,32,no
844,0cd6783d-b171-46f4-b2cd-13d67f19a962,KXCPICOREYOY-25JUN-T2.8,12,2025-07-08T15:41:57.494069Z,75,25,yes
845,eecae52d-e483-4bd7-acac-bab2707ffa60,KXCPICOREYOY-25JUN-T2.8,1,2025-07-07T19:36:03.725486Z,74,26,yes
846,3531f02e-ee98-476d-8cc0-cb38270780b5,KXCPICOREYOY-25JUN-T2.8,99,2025-07-07T19:36:03.725486Z,74,26,yes
847,08e215c0-fc66-491f-a29a-ee7e965370bb,KXCPICOREYOY-25JUN-T2.8,25,2025-07-07T19:35:07.157133Z,76,24,yes
848,9e7fbb37-3c11-4562-b2d9-0c13a75af461,KXCPICOREYOY-25JUN-T2.8,24,2025-07-07T19:26:52.591531Z,72,28,yes
849,710d9c6a-6ec0-4312-8a0a-d08771eba781,KXCPICOREYOY-25JUN-T2.8,10,2025-07-07T19:26:52.591531Z,73,27,yes
850,33e6a68e-e5d9-4737-b096-a2da173d8f7c,KXCPICOREYOY-25JUN-T2.8,1981,2025-07-07T19:26:52.591531Z,76,24,yes
851,1c4a8257-e6b2-4bfe-aa22-af512251b259,KXCPICOREYOY-25JUN-T2.8,360,2025-07-07T19:26:52.591531Z,74,26,yes
852,33b140f4-0b88-47ae-a099-f709556757cf,KXCPICOREYOY-25JUN-T2.8,50,2025-07-06T16:49:43.377064Z,75,25,yes
853,2e4b52dd-cf5a-46b8-8e55-ddfd1da5fd1c,KXCPICOREYOY-25JUN-T2.8,8,2025-07-06T16:49:43.377064Z,75,25,yes
854,ba38a16f-3f41-4bce-b320-301a523af7cb,KXCPICOREYOY-25JUN-T2.8,1,2025-07-05T22:33:06.306676Z,70,30,no
855,209efc98-8dbb-4fff-b18c-12105170b62a,KXCPICOREYOY-25JUN-T2.8,249,2025-07-05T22:33:06.306676Z,69,31,no
856,af2ba7a6-2008-420f-8858-29f3bd2da82b,KXCPICOREYOY-25JUN-T2.8,1,2025-07-05T21:56:00.033745Z,68,32,yes
857,faf91dd7-b891-4f9e-8339-3b2309b2f912,KXCPICOREYOY-25JUN-T2.8,11,2025-07-05T21:49:45.99654Z,69,31,no
858,ceb66b04-ed53-4d7e-b1f5-4e2886748b75,KXCPICOREYOY-25JUN-T2.8,10,2025-07-05T21:49:45.99654Z,70,30,no
859,ca0bbc58-0273-4533-9037-d45f7e2efc53,KXCPICOREYOY-25JUN-T2.8,229,2025-07-05T21:49:45.99654Z,69,31,no
860,f2881941-aa65-4ede-ae52-320a6f55f77d,KXCPICOREYOY-25JUN-T2.8,10,2025-07-05T21:49:17.340237Z,70,30,no
861,159faa7e-7362-41ce-a925-934c7bff7bec,KXCPICOREYOY-25JUN-T2.8,240,2025-07-05T21:49:17.340237Z,69,31,no
862,a56a3f53-bd7c-446c-8d99-de99361333a3,KXCPICOREYOY-25JUN-T2.8,10,2025-07-05T21:44:39.679311Z,71,29,no
863,72a273bc-e6f8-49c2-915f-42b51e1c37ba,KXCPICOREYOY-25JUN-T2.8,240,2025-07-05T21:44:39.679311Z,70,30,no
864,9f0a7916-ed73-4ad7-9d3d-e4f07b8828fd,KXCPICOREYOY-25JUN-T2.8,10,2025-07-05T21:43:43.502455Z,71,29,no
865,4c1d4ac8-d554-4197-84b3-1e519d3af23c,KXCPICOREYOY-25JUN-T2.8,17,2025-07-05T21:43:43.502455Z,70,30,no
866,3e5bc3e0-967d-43ed-980a-e0d3f7816547,KXCPICOREYOY-25JUN-T2.8,473,2025-07-05T21:43:43.502455Z,70,30,no
867,cbb31286-d6b3-4f1f-9ee9-20ec74367dc3,KXCPICOREYOY-25JUN-T2.8,494,2025-07-02T14:40:40.423948Z,59,41,no
868,35ea7d20-b3d3-4626-8fa6-9ab1b0586775,KXCPICOREYOY-25JUN-T2.8,6,2025-07-02T14:40:40.423948Z,61,39,no
869,cdb493a3-a7d4-4b70-bfd9-53cf79c526ba,KXCPICOREYOY-25JUN-T2.8,241,2025-07-02T14:40:00.929539Z,61,39,no
870,2faa2560-b02f-431d-b514-aa45bcdf3f8b,KXCPICOREYOY-25JUN-T2.8,9,2025-07-02T14:40:00.929539Z,63,37,no
871,8ddaf91c-e9cf-4dc0-a8ed-f0e8996fcc0e,KXCPICOREYOY-25JUN-T2.8,150,2025-07-02T14:20:14.654651Z,62,38,no
872,c183e0b6-7a33-4dfd-9ac7-08c7104478b9,KXCPICOREYOY-25JUN-T2.8,38,2025-07-02T14:19:45.655764Z,62,38,no
873,8685f31f-9470-48fc-9659-5864a8f28f76,KXCPICOREYOY-25JUN-T2.8,6,2025-07-01T21:40:46.658388Z,63,37,no
874,04b786b6-5591-434f-9605-77604073870a,KXCPICOREYOY-25JUN-T2.8,56,2025-07-01T21:40:46.658388Z,62,38,no
875,f82467e1-ec1c-410c-8f5f-10c639f60c76,KXCPICOREYOY-25JUN-T2.8,8,2025-06-30T14:34:21.238447Z,71,29,yes
876,7e124854-4636-412c-af8d-f074d0669fc3,KXCPICOREYOY-25JUN-T2.8,5,2025-06-30T14:34:21.238447Z,70,30,yes
877,feee82fb-7abf-49a2-9304-22ce13c1bcf8,KXCPICOREYOY-25JUN-T2.8,26,2025-06-28T20:42:27.525787Z,55,45,no
878,f20b2155-484f-47a2-ba73-38f4a38a701a,KXCPICOREYOY-25JUN-T2.8,10,2025-06-28T20:42:27.525787Z,53,47,no
879,ddae3526-bda1-4844-91bf-f28a0dbe6f61,KXCPICOREYOY-25JUN-T2.8,16,2025-06-28T20:42:27.525787Z,56,44,no
880,dae4e99e-7ea0-4ef2-9cc1-66875acb77dc,KXCPICOREYOY-25JUN-T2.8,18,2025-06-28T20:42:27.525787Z,53,47,no
881,d3548d23-d0a1-4cf5-a372-0f16f170bce9,KXCPICOREYOY-25JUN-T2.8,43,2025-06-28T20:42:27.525787Z,50,50,no
882,a8055d88-d975-40d8-ad80-37cb48f6777d,KXCPICOREYOY-25JUN-T2.8,36,2025-06-28T20:42:27.525787Z,51,49,no
883,a6562f1d-b54d-4cc0-8eb0-83d15fa1c063,KXCPICOREYOY-25JUN-T2.8,38,2025-06-28T20:42:27.525787Z,54,46,no
884,a5417d8b-e6f9-4667-b2c8-7bc666b9f405,KXCPICOREYOY-25JUN-T2.8,5,2025-06-28T20:42:27.525787Z,64,36,no
885,9c1dc909-0fc7-473a-aadd-b7ea87d5fb42,KXCPICOREYOY-25JUN-T2.8,2,2025-06-28T20:42:27.525787Z,50,50,no
886,9b617989-27f4-445e-90e3-8077f661155c,KXCPICOREYOY-25JUN-T2.8,16,2025-06-28T20:42:27.525787Z,52,48,no
887,99ffff59-d9ae-4710-b6c7-17c7770f68f1,KXCPICOREYOY-25JUN-T2.8,75,2025-06-28T20:42:27.525787Z,63,37,no
888,9821d6a3-70c5-4ed1-9a17-76d20c9cbf5c,KXCPICOREYOY-25JUN-T2.8,20,2025-06-28T20:42:27.525787Z,51,49,no
889,947dce84-1b1a-4e2f-8981-70952a43b8a9,KXCPICOREYOY-25JUN-T2.8,26,2025-06-28T20:42:27.525787Z,50,50,no
890,924990c7-a161-43c1-a3ce-8f8ff6bdf275,KXCPICOREYOY-25JUN-T2.8,6,2025-06-28T20:42:27.525787Z,54,46,no
891,75713aa2-a2b1-421c-aa15-867aa7d320c2,KXCPICOREYOY-25JUN-T2.8,31,2025-06-28T20:42:27.525787Z,52,48,no
892,6f6b8dd3-1114-4eb1-89f9-ff8364c504fb,KXCPICOREYOY-25JUN-T2.8,400,2025-06-28T20:42:27.525787Z,61,39,no
893,6dbdedf3-10f8-421e-8e80-e63303f31b52,KXCPICOREYOY-25JUN-T2.8,53,2025-06-28T20:42:27.525787Z,49,51,no
894,597665f0-d933-49bb-98aa-b514f164b228,KXCPICOREYOY-25JUN-T2.8,27,2025-06-28T20:42:27.525787Z,50,50,no
895,4eb48f4e-31cc-4076-9ec2-1e5a9705af6e,KXCPICOREYOY-25JUN-T2.8,23,2025-06-28T20:42:27.525787Z,52,48,no
896,09ecf97e-b9ae-4a84-9e20-5500390245b6,KXCPICOREYOY-25JUN-T2.8,25,2025-06-28T20:42:27.525787Z,53,47,no
897,06d4e356-4983-4598-a0a8-baf7d55a837b,KXCPICOREYOY-25JUN-T2.8,25,2025-06-28T20:42:27.525787Z,51,49,no
898,675015dd-e986-43a1-87f4-18f25f261ec0,KXCPICOREYOY-25JUN-T2.8,76,2025-06-28T16:20:02.106493Z,74,26,yes
899,5b3c7738-caa5-4eeb-9c83-1d2c1dfc8d5d,KXCPICOREYOY-25JUN-T2.8,121,2025-06-28T16:20:02.106493Z,72,28,yes
900,3a64af93-658c-4686-93d1-43fddc21b34e,KXCPICOREYOY-25JUN-T2.8,5,2025-06-28T16:20:02.106493Z,71,29,yes
901,fffece2d-4936-4587-b389-c4a2da213bfb,KXCPICOREYOY-25JUN-T2.8,96,2025-06-28T15:27:49.434972Z,73,27,yes
902,6c5af411-294f-4ccd-9cfb-a1cd171a05e7,KXCPICOREYOY-25JUN-T2.8,36,2025-06-28T15:27:49.434972Z,71,29,yes
903,5cb5e92f-63ec-4a5a-bb2e-77eb722ee50a,KXCPICOREYOY-25JUN-T2.8,3,2025-06-28T15:27:49.434972Z,70,30,yes
904,fb9621dc-0705-4512-b032-e3fe3123c920,KXCPICOREYOY-25JUN-T2.8,46,2025-06-27T01:23:09.585443Z,77,23,yes
905,9f9f3db2-9f06-4a1b-b698-acc2b4d5a0d7,KXCPICOREYOY-25JUN-T2.8,27,2025-06-27T01:23:09.585443Z,76,24,yes
906,959cdc99-d718-4d18-a3cc-73c8fe0b0416,KXCPICOREYOY-25JUN-T2.8,55,2025-06-27T01:23:09.585443Z,78,22,yes
907,880dde08-8d7b-4c8e-9033-b8aa26a806e7,KXCPICOREYOY-25JUN-T2.8,17,2025-06-27T01:23:09.585443Z,75,25,yes
908,65db308e-9ab7-4e87-a124-9efa6af1f207,KXCPICOREYOY-25JUN-T2.8,400,2025-06-27T01:23:09.585443Z,70,30,yes
909,5f61cde7-e83c-4bfa-b003-4bead48db3a3,KXCPICOREYOY-25JUN-T2.8,73,2025-06-27T01:23:09.585443Z,79,21,yes
910,440b9780-9646-4a3a-bfd5-db5390f3a77c,KXCPICOREYOY-25JUN-T2.8,5,2025-06-27T01:23:09.585443Z,67,33,yes
911,31b2b0d3-636c-4dd1-9102-efcbc3d4aa09,KXCPICOREYOY-25JUN-T2.8,96,2025-06-27T01:23:09.585443Z,68,32,yes
912,74516404-9b52-4f2c-959f-b6505b9770b3,KXCPICOREYOY-25JUN-T2.8,9,2025-06-22T19:51:47.222445Z,60,40,no
913,5f87fe09-7a69-4dec-a6e5-96f6bd766dc2,KXCPICOREYOY-25JUN-T2.8,66,2025-06-22T19:51:47.222445Z,59,41,no
914,24f67e6f-4ef7-4db5-bc9c-3aa3a7b9424c,KXCPICOREYOY-25JUN-T2.8,100,2025-06-22T19:51:47.222445Z,61,39,no
915,9ec13d12-b851-48e3-9bed-34b35bf3e4aa,KXCPICOREYOY-25JUN-T2.8,7,2025-06-22T19:51:36.400426Z,62,38,no
916,537e1a8e-3ce4-4bf8-86e0-dc18a9a000c3,KXCPICOREYOY-25JUN-T2.8,16,2025-06-22T19:51:36.400426Z,64,36,no
917,524913e2-e3ed-4b83-8387-5d00a496ea6f,KXCPICOREYOY-25JUN-T2.8,222,2025-06-22T19:51:36.400426Z,62,38,no
918,1ae85a02-a1b8-41ee-b088-edfdf180026c,KXCPICOREYOY-25JUN-T2.8,178,2025-06-22T19:51:36.400426Z,62,38,no
919,9979e885-ad5b-4dbf-889c-1ddb7c6e81a3,KXCPICOREYOY-25JUN-T2.8,23,2025-06-22T17:19:20.651123Z,60,40,no
920,6f841b1e-98f2-4dd9-b930-ec59f72153c3,KXCPICOREYOY-25JUN-T2.8,40,2025-06-22T17:19:20.651123Z,62,38,no
921,4ec5a9af-100a-441a-8b82-ed6fbd177c9c,KXCPICOREYOY-25JUN-T2.8,5,2025-06-22T17:19:20.651123Z,63,37,no
922,e36c2df8-fe0e-4851-9642-a65fb4276cd2,KXCPICOREYOY-25JUN-T2.8,54,2025-06-22T15:45:32.771856Z,66,34,no
923,9c7c4a17-82bc-423d-9d1c-d3c98eab35d7,KXCPICOREYOY-25JUN-T2.8,133,2025-06-22T15:45:32.771856Z,64,36,no
924,c97cbe69-a64a-4798-85cb-4e23b993490f,KXCPICOREYOY-25JUN-T2.8,238,2025-06-22T04:15:19.564024Z,71,29,no
925,6ae694fe-7eaf-4ab8-88db-729b6dac6b7e,KXCPICOREYOY-25JUN-T2.8,6,2025-06-22T01:12:30.086803Z,73,27,yes
926,57e35fe6-dc55-4f4c-8752-a68db19fa4c5,KXCPICOREYOY-25JUN-T2.8,5,2025-06-20T19:25:40.046887Z,71,29,yes
927,13248b21-e3e4-442d-b05c-42b5dbb97ca5,KXCPICOREYOY-25JUN-T2.8,68,2025-06-17T12:58:59.312831Z,72,28,yes
928,cd0caee5-d001-454a-8cfe-1aed5e41ae91,KXCPICOREYOY-25JUN-T2.8,17,2025-06-15T01:42:44.301659Z,64,36,no
929,6e5806cb-7e8d-4d4a-a097-d8beac0e787f,KXCPICOREYOY-25JUN-T2.8,236,2025-06-15T01:42:44.301659Z,62,38,no
930,f1ec6f10-2b08-40c8-8091-5b0074c5ef1c,KXCPICOREYOY-25JUN-T2.8,16,2025-06-14T22:58:18.618485Z,66,34,no
931,c03316d0-0c13-436f-be5b-78e116c7abec,KXCPICOREYOY-25JUN-T2.8,250,2025-06-14T22:58:18.618485Z,64,36,no
932,e8716040-7ddf-4e56-99b0-1ea16fde3acd,KXCPICOREYOY-25JUN-T2.8,19,2025-06-14T22:57:58.519255Z,68,32,no
933,97f240e7-6763-4fa2-b35d-0f4cfc19c612,KXCPICOREYOY-25JUN-T2.8,22,2025-06-14T22:57:58.519255Z,68,32,no
934,43713194-214c-454f-b1f1-cbbd5c1ae9b3,KXCPICOREYOY-25JUN-T2.8,242,2025-06-14T22:57:58.519255Z,66,34,no
935,e5f0362e-bf76-479b-b9f9-c6d2274732be,KXCPICOREYOY-25JUN-T2.8,82,2025-06-13T14:18:53.119276Z,74,26,yes
936,cf2fa7db-7f1b-4040-bdb5-2c3b570aaf86,KXCPICOREYOY-25JUN-T2.8,5,2025-06-13T14:18:53.119276Z,74,26,yes
937,0fa3eca9-08af-46cc-8694-fa55646a3b92,KXCPICOREYOY-25JUN-T2.8,36,2025-06-13T14:18:53.119276Z,73,27,yes
938,e1e916a0-2c69-4798-a1fd-8302668dba7a,KXCPICOREYOY-25JUN-T2.8,347,2025-06-12T23:19:24.446185Z,73,27,yes
939,9998ed43-f0bc-4dcb-99bf-486cc99ad108,KXCPICOREYOY-25JUN-T2.8,24,2025-06-12T23:19:24.446185Z,71,29,yes
940,34c55f59-f836-41a0-b3dc-877a716bc66e,KXCPICOREYOY-25JUN-T2.8,29,2025-06-12T23:19:24.446185Z,70,30,yes
941,d5834708-385c-4f33-a3f0-e998aecd31bf,KXCPICOREYOY-25JUN-T2.8,326,2025-06-12T18:03:40.878792Z,70,30,yes
942,19b162ff-5c54-45c8-84e4-9499d15c4d36,KXCPICOREYOY-25JUN-T2.8,174,2025-06-12T18:03:40.878792Z,68,32,yes
943,ff5ec9ea-04d1-4bd9-b405-244fc141b568,KXCPICOREYOY-25JUN-T2.8,5,2025-06-12T02:36:05.344414Z,63,37,no
944,c0c71313-a824-48c9-8bbd-bb578369f612,KXCPICOREYOY-25JUN-T2.8,176,2025-06-12T02:36:05.344414Z,60,40,no
945,7a6c8db1-16ab-40f3-8ba0-5b1608a1b9c6,KXCPICOREYOY-25JUN-T2.8,62,2025-06-12T02:36:05.344414Z,62,38,no
946,45c2d6b9-4a0c-45a4-a4d4-778585f69705,KXCPICOREYOY-25JUN-T2.8,100,2025-06-11T14:26:31.014005Z,69,31,yes
947,aa97dfd0-313b-4368-a93b-120e3077fd39,KXCPICOREYOY-25JUN-T2.8,10,2025-06-11T13:06:09.018334Z,69,31,yes
948,09bee6a1-c513-48f0-b2bc-2b6a5f3abb9f,KXCPICOREYOY-25JUN-T2.7,85,2025-07-15T12:17:58.447937Z,93,7,yes
949,4867dbd0-026e-4987-91bb-32f315e071ed,KXCPICOREYOY-25JUN-T2.7,10,2025-07-14T18:55:53.220051Z,92,8,yes
