,trade_id,ticker,count,created_time,yes_price,no_price,taker_side
0,bd9c3979-94af-43ff-9b25-82e6b0d14996,KXACPI-2025-6.0,30,2025-07-30T21:34:27.003481Z,1,99,no
1,c7e365e2-50c8-4073-83d9-7574d34db4c8,KXACPI-2025-6.0,18,2025-07-07T23:18:00.961444Z,4,96,yes
2,11aaf5da-fa91-4027-94a5-fa66cb9f8cb3,KXACPI-2025-6.0,10,2025-07-03T21:21:58.14496Z,5,95,no
3,30026fe1-f3c3-4e24-ad6f-300b100dbdd0,KXACPI-2025-6.0,1,2025-07-01T15:21:00.084942Z,6,94,yes
4,b8f1dd67-b368-445a-a6d7-f258053daec0,KXACPI-2025-6.0,200,2025-06-27T00:02:16.019691Z,6,94,no
5,4064c4bf-b8d3-4fba-b167-fcb28189779f,KXACPI-2025-6.0,400,2025-06-27T00:02:16.019691Z,5,95,no
6,3773e38c-6875-4377-97bc-dba39d4abe79,KXACPI-2025-6.0,315,2025-06-27T00:02:16.019691Z,6,94,no
7,fd698621-f52c-485a-90b8-a44c4123e3bf,KXACPI-2025-6.0,65,2025-06-24T04:53:08.407621Z,6,94,no
8,38425d34-a689-4810-9804-7e0d0f2f2db8,KXACPI-2025-6.0,185,2025-06-24T04:53:08.407621Z,6,94,no
9,0f845991-6409-407d-9db8-8c4f18a333da,KXACPI-2025-6.0,67,2025-06-22T23:07:32.245596Z,7,93,yes
10,5d25c5a0-60bb-4f22-8ae8-5531b1b43d44,KXACPI-2025-6.0,5,2025-06-22T00:29:01.914057Z,6,94,yes
11,28e85982-72d3-475b-b9ba-c29d2bdda530,KXACPI-2025-6.0,430,2025-06-22T00:29:01.914057Z,6,94,yes
12,a9c0681f-09e3-4340-897d-6e2a4023ca1b,KXACPI-2025-6.0,500,2025-06-22T00:28:54.07978Z,6,94,yes
13,e8483d22-6fc8-4d89-b16b-0a65d10fd82f,KXACPI-2025-6.0,300,2025-06-13T05:56:47.805387Z,3,97,yes
14,c0bdddd4-a910-4b7b-843f-ce943b648172,KXACPI-2025-6.0,5,2025-06-13T05:56:47.805387Z,3,97,yes
15,e655d823-d167-4036-b4c7-d5083e70569b,KXACPI-2025-6.0,300,2025-06-13T05:15:54.178138Z,2,98,yes
16,cfaa09b8-7498-41da-b641-d2449e879a71,KXACPI-2025-6.0,30,2025-05-26T21:15:44.100823Z,3,97,yes
17,2cacaa67-6405-48a0-8037-aeff4477d0a7,KXACPI-2025-6.0,4,2025-05-23T18:10:36.43972Z,7,93,no
18,d6984b89-663e-495d-b330-a8ae7e263acd,KXACPI-2025-6.0,30,2025-05-23T18:10:36.309258Z,9,91,no
19,dec2a850-0ea3-4e0a-b71c-860580a8dbd6,KXACPI-2025-6.0,250,2025-05-23T15:41:48.905422Z,10,90,yes
20,ae01fbda-a6e5-4a78-a58e-b5a021f9b1aa,KXACPI-2025-6.0,77,2025-05-23T15:41:48.905422Z,13,87,yes
21,72ee59aa-c43e-4efb-a8c1-e418af007bab,KXACPI-2025-6.0,106,2025-05-23T15:41:48.905422Z,9,91,yes
22,1b87e5ba-38d5-4392-8e46-d9e5a1e05041,KXACPI-2025-6.0,20,2025-05-23T15:41:48.905422Z,10,90,yes
23,1b693385-e88d-46f6-85d7-e94cecab004e,KXACPI-2025-6.0,4,2025-05-23T15:41:48.905422Z,11,89,yes
24,1c6d93e6-e0d6-4cc3-b551-6871565ba91b,KXACPI-2025-6.0,1,2025-05-15T17:57:10.927977Z,8,92,no
25,6639966e-7fd3-453c-8c7a-771f355013fa,KXACPI-2025-6.0,94,2025-05-14T03:17:47.56259Z,8,92,no
26,bf7cbad7-de82-4f73-ad3a-43f70484b6eb,KXACPI-2025-6.0,106,2025-05-12T12:06:16.597822Z,8,92,no
27,392bef59-e428-4cad-81e3-630f8b8f1d5d,KXACPI-2025-6.0,200,2025-05-09T05:55:03.402796Z,9,91,no
28,0edddbf0-6bf5-40b5-bf68-f0624b245044,KXACPI-2025-6.0,94,2025-04-24T23:33:47.146983Z,12,88,yes
29,2f9bcc42-2e5c-4490-a530-c53418a7ad04,KXACPI-2025-6.0,50,2025-04-19T15:53:45.127372Z,9,91,no
30,d39b4179-8d7e-4187-ad12-75e08281a62b,KXACPI-2025-6.0,3,2025-04-13T05:19:54.994926Z,13,87,yes
31,358f6c9e-d30a-4172-9f33-34e416137431,KXACPI-2025-6.0,997,2025-04-13T05:19:54.994926Z,13,87,yes
32,fff9ac68-9e8c-4c4f-bee4-96ee5602a508,KXACPI-2025-6.0,123,2025-04-09T06:28:55.229095Z,12,88,yes
33,e1436398-e6e9-4839-af32-a455e1746e27,KXACPI-2025-6.0,560,2025-04-09T06:28:55.229095Z,11,89,yes
34,d40ff3af-82fe-43ad-b8a9-191b65d3adb8,KXACPI-2025-6.0,11,2025-04-09T06:28:55.229095Z,11,89,yes
35,7b23dc0c-a10c-4904-b5c3-c4cd6485e63b,KXACPI-2025-6.0,150,2025-04-09T06:28:55.229095Z,11,89,yes
36,95570687-399d-49a4-8b28-0206ae355f02,KXACPI-2025-6.0,50,2025-04-08T14:55:27.742758Z,9,91,no
37,4b19f79a-59bc-4d3d-913f-ebe8796edd55,KXACPI-2025-6.0,40,2025-04-03T13:25:16.038014Z,8,92,no
38,8f72cfe2-6eca-475f-95a6-cce5485fe16e,KXACPI-2025-6.0,100,2025-04-03T03:34:14.630088Z,8,92,yes
39,32d6cc54-9808-48c3-b44d-a5e409da96c9,KXACPI-2025-6.0,150,2025-04-03T03:34:14.630088Z,7,93,yes
40,f50fb98c-5f6b-4af1-a315-80b309a0458e,KXACPI-2025-6.0,500,2025-04-02T05:11:02.830377Z,5,95,no
41,32079329-74c5-4bf8-8fa9-3d76b3893756,KXACPI-2025-6.0,250,2025-03-04T14:31:06.811902Z,5,95,no
42,7bc743f8-117a-4d84-beb2-06be3bb7675f,KXACPI-2025-6.0,200,2025-02-27T16:25:39.765124Z,7,93,no
43,258d878c-6a55-426f-bfc2-a04533ba15f8,KXACPI-2025-6.0,50,2025-02-27T15:45:17.756042Z,7,93,no
44,bcf7c6de-f913-44bc-bddf-e057f71912c4,KXACPI-2025-6.0,10,2025-02-17T18:03:47.034482Z,9,91,yes
45,957be1d3-8200-43cc-b68a-108d343d2c0e,KXACPI-2025-6.0,250,2025-02-15T23:35:24.579995Z,4,96,no
46,1448b8f3-8ffe-43cc-af1e-ae224a80ca67,KXACPI-2025-6.0,50,2025-02-14T07:45:21.932442Z,7,93,no
47,5d0996ce-44ce-434d-bfdc-b2cd913807ed,KXACPI-2025-6.0,40,2025-02-01T21:27:45.620771Z,6,94,yes
48,80db2596-c5e1-48de-8570-9995c0bdca8a,KXACPI-2025-6.0,10,2025-01-15T07:16:32.961751Z,6,94,yes
49,fdc05c09-0b5e-4821-8c6c-78bb67c3f4c6,KXACPI-2025-6.0,200,2025-01-08T15:59:53.504851Z,5,95,yes
50,c75e4519-4d8c-445e-9480-44959d0e6327,KXACPI-2025-6.0,50,2024-12-30T00:08:41.196427Z,6,94,yes
51,d2b1625f-5fed-45ee-8934-1a1360e4a892,KXACPI-2025-5.75,13,2025-06-24T04:52:46.413938Z,4,96,no
52,61c1ee2f-def4-4546-8094-efc6c1bc002b,KXACPI-2025-5.75,10,2025-06-24T04:52:46.413938Z,5,95,no
53,55b03d53-ebc5-4959-89f7-2a96ad8cfca2,KXACPI-2025-5.75,227,2025-06-24T04:52:46.413938Z,4,96,no
54,984af988-51d0-4870-9317-9082aa96572a,KXACPI-2025-5.75,300,2025-06-22T00:30:03.404785Z,4,96,yes
55,2b4e497b-994a-4653-9b18-345fba271cad,KXACPI-2025-5.75,75,2025-06-22T00:30:03.404785Z,4,96,yes
56,13d2ebff-9902-4a35-9567-4bda1f1737eb,KXACPI-2025-5.75,12,2025-06-22T00:30:03.404785Z,4,96,yes
57,cb9ad3dc-4ce5-4a6d-9469-b5c28539d8f8,KXACPI-2025-5.75,300,2025-06-13T05:57:00.079453Z,3,97,yes
58,53bc5a5b-ff6d-483b-9c76-9d77a85f830a,KXACPI-2025-5.75,200,2025-06-04T22:25:36.555474Z,1,99,no
59,bcec609c-5d33-4bb8-80b8-1a0860ef0308,KXACPI-2025-5.75,120,2025-05-07T02:26:45.112532Z,1,99,no
60,9ca3464f-c45a-400e-85f3-b080f179b205,KXACPI-2025-5.75,60,2025-05-07T02:26:45.112532Z,1,99,no
61,69c706a3-3f40-4e94-b6df-5ccb7f88354c,KXACPI-2025-5.75,117,2025-04-11T14:36:02.890217Z,8,92,yes
62,ea01728f-3659-4059-bb97-f5f2612530ff,KXACPI-2025-5.75,150,2025-03-17T17:36:26.56334Z,3,97,yes
63,251e20f9-4f42-4b35-9375-3d30f436c9bb,KXACPI-2025-5.75,100,2025-03-17T17:36:26.56334Z,4,96,yes
64,1f4c880b-ce02-4805-a81e-442a9cf9c60f,KXACPI-2025-5.75,3,2025-03-17T17:36:26.56334Z,4,96,yes
65,d04c4f0e-b100-400c-ae0e-c6c23a09fd33,KXACPI-2025-5.75,40,2025-03-12T02:12:10.327046Z,1,99,no
66,e8329804-017b-4a26-adec-16e654ea0d0f,KXACPI-2025-5.75,100,2025-03-04T18:06:52.817697Z,3,97,yes
67,fc53dfb7-dfa2-4fbe-be36-a703c0207883,KXACPI-2025-5.75,1318,2025-02-18T23:43:47.628555Z,4,96,yes
68,e6e0bbc1-3495-4d00-8cf7-ef1c3241c3d8,KXACPI-2025-5.75,4,2025-02-18T23:43:47.628555Z,3,97,yes
69,b6512930-89d3-4d77-ab90-3d16ffad6c59,KXACPI-2025-5.75,9,2025-02-18T23:43:47.628555Z,3,97,yes
70,284f9456-a84e-402d-a277-f2d8e992b88d,KXACPI-2025-5.75,1351,2025-02-18T23:43:47.628555Z,3,97,yes
71,31e69d1f-7e73-44c8-88f1-3ec4dc38b9f8,KXACPI-2025-5.75,30,2025-02-15T23:35:33.508985Z,2,98,no
72,abe24302-a4c1-4faf-853d-9a2cfcba4452,KXACPI-2025-5.75,4,2025-02-15T19:00:54.744603Z,3,97,yes
73,373be71a-23db-496c-8887-b19b262cb3ed,KXACPI-2025-5.75,5,2025-02-15T15:36:01.417402Z,3,97,no
74,f9191e07-2afc-4491-8018-436257c54a8e,KXACPI-2025-5.75,50,2025-02-02T04:43:57.510249Z,2,98,yes
75,f3c5fad3-2813-4c8c-9c6b-532168883d5c,KXACPI-2025-5.75,869,2025-02-02T04:43:57.510249Z,3,97,yes
76,d76b5d4e-f9f3-44f1-a959-9fd3ccedcc46,KXACPI-2025-5.75,1437,2025-02-02T04:43:57.510249Z,3,97,yes
77,c4e90588-b78f-496d-84df-9aa0bfcbb787,KXACPI-2025-5.75,1,2025-02-02T04:43:57.510249Z,3,97,yes
78,205fe481-cca1-4d85-9907-5721243c5c8f,KXACPI-2025-5.75,50,2024-12-30T00:08:31.115675Z,5,95,yes
79,5a93c75c-c737-4225-8c84-09d152a7a27c,KXACPI-2025-5.3,300,2025-07-15T23:57:55.504034Z,4,96,yes
80,28ca4881-5a1c-43be-baaf-a6a378d8b1fe,KXACPI-2025-5.3,150,2025-06-24T04:52:56.899763Z,4,96,no
81,382d5341-7124-4046-aa3c-352c7324ae46,KXACPI-2025-5.3,50,2025-06-20T16:11:56.748937Z,4,96,no
82,5e8f5c65-96e5-43f1-8091-feade04678b4,KXACPI-2025-5.3,50,2025-06-11T12:34:17.795725Z,3,97,no
83,93002fb9-546e-4180-ab5c-a10eecb269e3,KXACPI-2025-5.3,50,2025-06-04T22:25:31.47141Z,4,96,no
84,bc4be9b7-fb7e-4a24-94b7-eb28424528f4,KXACPI-2025-5.3,549,2025-05-23T15:44:01.702661Z,8,92,yes
85,7e73a08b-438f-4830-bd11-0c90a1e2d3a6,KXACPI-2025-5.3,50,2025-05-23T15:44:01.702661Z,6,94,yes
86,55905dcb-0e2a-4c83-8b71-afc000ef8c5e,KXACPI-2025-5.3,150,2025-05-09T05:55:11.851628Z,3,97,no
87,144970e6-c19a-4c96-80a0-ca3114cd6083,KXACPI-2025-5.3,180,2025-04-20T02:06:17.620023Z,3,97,no
88,d5de1afd-7693-4210-9858-8bd47ff18003,KXACPI-2025-5.3,322,2025-04-03T23:35:55.748561Z,6,94,yes
89,ad00ad22-21fc-43d4-9db5-f3759a4f9fe5,KXACPI-2025-5.3,114,2025-04-03T23:35:55.748561Z,7,93,yes
90,3d144ebf-35dc-4dc8-b118-4b0faa089a4a,KXACPI-2025-5.3,14,2025-04-03T23:35:55.748561Z,6,94,yes
91,ea04e679-4723-49e1-822b-e58182756838,KXACPI-2025-5.3,47,2025-04-03T04:02:52.610108Z,5,95,yes
92,ac4fc2e9-ad8d-4875-93ea-efec006b8ab4,KXACPI-2025-5.3,23,2025-04-03T04:02:52.610108Z,5,95,yes
93,761ba553-5919-4a02-97b3-1439a07b3511,KXACPI-2025-5.3,41,2025-04-03T04:02:52.610108Z,5,95,yes
94,296752f4-3777-4260-8642-bc0bbeaf2781,KXACPI-2025-5.3,845,2025-04-03T04:02:52.610108Z,6,94,yes
95,e490e331-5363-45a3-9859-6ee39621647f,KXACPI-2025-5.3,1,2025-04-03T03:23:41.178805Z,4,96,yes
96,166c93f0-c80e-49dd-855c-ec29cce61c31,KXACPI-2025-5.3,12,2025-04-03T03:23:41.178805Z,4,96,yes
97,e6b9b6f5-87ea-4aca-8131-41cca4801258,KXACPI-2025-5.3,99,2025-03-17T17:36:39.00096Z,4,96,yes
98,11f30d99-cfd9-4510-8a0f-e85e0472ca32,KXACPI-2025-5.3,40,2025-03-12T02:12:19.241952Z,1,99,no
99,58db5963-2665-449e-9a06-69ec7c5a9311,KXACPI-2025-5.3,100,2025-03-04T18:07:11.212149Z,4,96,yes
100,fc8ad046-56f7-4555-91c8-a23a3428d5a0,KXACPI-2025-5.3,23,2025-02-19T02:11:22.278822Z,4,96,yes
101,66b1ceba-e4f0-4ddf-8a11-a6c9e2d70b2f,KXACPI-2025-5.3,30,2025-02-15T23:35:43.705483Z,2,98,no
102,97aebaec-5bf7-453c-95cf-b38bee41f552,KXACPI-2025-5.3,1000,2025-02-02T06:16:48.852054Z,4,96,yes
103,fc0f5efa-d37f-4fbc-a44c-ac2b31d7d1a1,KXACPI-2025-5.3,50,2025-02-02T04:43:36.57337Z,2,98,yes
104,d876553c-7ea5-4693-b390-235e78be8fb2,KXACPI-2025-5.3,452,2025-02-02T04:43:36.57337Z,4,96,yes
105,8612984c-c5f1-4b67-8de0-ea999dd4f211,KXACPI-2025-5.3,1,2025-02-02T04:43:36.57337Z,3,97,yes
106,7b85f4a9-ca87-4080-850c-38d3d5373d69,KXACPI-2025-5.3,654,2025-02-02T04:43:36.57337Z,3,97,yes
107,4e952dea-94c9-426f-8125-52e1ccb7c2a9,KXACPI-2025-5.3,1049,2025-02-02T04:43:36.57337Z,3,97,yes
108,37f49831-ab7b-4901-8731-b34c2bbc2b02,KXACPI-2025-5.3,50,2024-12-30T00:08:20.288722Z,6,94,yes
109,396cee21-f6d6-48ab-a9b7-d26ccb1d1d97,KXACPI-2025-4.8,300,2025-07-15T23:57:40.029316Z,5,95,yes
110,8ab56fc1-b36b-46cb-8faa-548cfab80eac,KXACPI-2025-4.8,10,2025-07-03T22:32:50.33461Z,5,95,no
111,9c57ff46-ef61-473d-bdc0-60adfcffb214,KXACPI-2025-4.8,190,2025-06-04T22:25:25.44862Z,3,97,no
112,7531a8ba-b3af-4122-a0f1-6f9e9ef59615,KXACPI-2025-4.8,22,2025-06-04T00:45:23.403936Z,4,96,no
113,4de2542f-3c6b-49a6-a1ab-6732b3bc2b0e,KXACPI-2025-4.8,2,2025-06-04T00:45:23.403936Z,4,96,no
114,38dc3711-816a-442d-a58a-52ec1bac3586,KXACPI-2025-4.8,26,2025-06-04T00:45:23.403936Z,2,98,no
115,9b4b4783-eac9-4524-99bb-d9880b9f9a07,KXACPI-2025-4.8,19,2025-05-23T15:43:17.117863Z,7,93,yes
116,84d9963f-030a-48ee-bcf0-b1c5c8a618b3,KXACPI-2025-4.8,41,2025-05-23T15:43:17.117863Z,7,93,yes
117,849c66d2-47df-4a9f-815b-3af86299534f,KXACPI-2025-4.8,80,2025-05-23T15:43:17.117863Z,3,97,yes
118,16728f21-6787-4853-b03f-d877479d76d7,KXACPI-2025-4.8,448,2025-05-23T15:43:17.117863Z,9,91,yes
119,75cc2663-3e74-425d-bd9b-11def46f36dd,KXACPI-2025-4.8,62,2025-05-23T13:52:37.568308Z,3,97,yes
120,525b9850-c922-4099-a6fb-2ff84c9c63a9,KXACPI-2025-4.8,26,2025-05-23T13:51:59.959706Z,3,97,yes
121,9666d25a-9b82-4aae-8e5f-985d1b647d00,KXACPI-2025-4.8,16,2025-05-17T17:11:32.020257Z,3,97,yes
122,1606d5ab-529c-432a-827e-cb1d334a64a1,KXACPI-2025-4.8,783,2025-05-16T20:57:26.4133Z,3,97,no
123,8d809562-8617-463e-a3ac-0ea237b9dd20,KXACPI-2025-4.8,50,2025-05-12T05:20:02.645705Z,7,93,yes
124,be38b32b-887c-447c-a262-b45de25d885f,KXACPI-2025-4.8,10,2025-05-09T05:55:17.723147Z,6,94,no
125,ade29386-ecb4-4be3-8c97-003464f5ca6b,KXACPI-2025-4.8,51,2025-04-03T04:02:36.814707Z,6,94,yes
126,45fe9163-c4a6-4c5b-bb97-0e1ee344a226,KXACPI-2025-4.8,1071,2025-04-03T04:02:36.814707Z,7,93,yes
127,3212530d-5a33-42a1-8777-539aae4986b9,KXACPI-2025-4.8,29,2025-04-03T04:02:36.814707Z,6,94,yes
128,968952f4-3220-4e60-98fc-b9fb087da021,KXACPI-2025-4.8,500,2025-04-03T03:22:34.038669Z,7,93,yes
129,9fba941d-8e71-478e-b590-f324fc593d52,KXACPI-2025-4.8,100,2025-03-12T12:52:31.302376Z,5,95,no
130,a6e25e1d-5aaf-4dfc-8198-fae14dbdfed4,KXACPI-2025-4.8,100,2025-03-10T00:02:20.563251Z,5,95,yes
131,6a146b89-38bb-4e12-afd5-3fb454061e1c,KXACPI-2025-4.8,250,2025-02-15T23:35:52.319151Z,3,97,no
132,fcb388e0-ec0d-4782-a066-899a420d0b4f,KXACPI-2025-4.8,800,2025-02-09T23:06:20.811505Z,5,95,yes
133,d8772715-fc18-4371-9758-f19d59d86e99,KXACPI-2025-4.8,400,2025-02-07T17:27:42.645287Z,5,95,yes
134,d4bf9b71-c2c6-49ac-bb81-77affdca3718,KXACPI-2025-4.8,10,2025-02-03T19:54:22.560749Z,5,95,yes
135,dd98e5dc-f8bc-4e7f-85d8-c6ed3c0948c7,KXACPI-2025-4.8,1,2025-02-02T06:15:47.74702Z,4,96,yes
136,6f9b7325-3adb-4da2-85c5-89b09a5bce73,KXACPI-2025-4.8,142,2025-02-02T06:15:47.74702Z,4,96,yes
137,3f589362-a389-465e-a1a8-86c045ac7b88,KXACPI-2025-4.8,1,2025-02-02T06:15:47.74702Z,4,96,yes
138,fd3cc7ec-34fb-4140-ac5c-d9b93b69197c,KXACPI-2025-4.8,10,2025-01-21T02:30:56.816274Z,5,95,yes
139,c9e7fa40-1a33-4780-815f-6ced5897c0e5,KXACPI-2025-4.8,2,2025-01-18T19:34:41.252166Z,4,96,yes
140,7dab0f24-630c-4724-9437-ed51ceef29c7,KXACPI-2025-4.8,1,2025-01-18T19:34:41.252166Z,4,96,yes
141,036cdafe-ad32-4dd6-9374-a54fcfbcf779,KXACPI-2025-4.8,964,2025-01-18T19:34:41.252166Z,4,96,yes
142,775eef0e-ae38-43e6-84f1-ebb5472809ba,KXACPI-2025-4.8,10,2025-01-18T19:28:21.466755Z,3,97,no
143,f2f99ec9-f65f-46b5-a6f8-de8bed89ae04,KXACPI-2025-4.8,50,2025-01-18T11:08:27.525485Z,6,94,yes
144,439685b6-3a2b-4402-9a07-75c7df0bfbb8,KXACPI-2025-4.8,10,2025-01-18T11:08:27.525485Z,5,95,yes
145,16f3bee4-ae2e-4d20-91f5-180a03c8e2b8,KXACPI-2025-4.8,8,2025-01-18T11:08:27.525485Z,75,25,yes
146,99c3dae8-b742-4f25-800a-ca9a62551fc7,KXACPI-2025-4.8,117,2025-01-17T02:11:37.329156Z,4,96,yes
147,a78e8846-18b2-4645-bf5a-f40ae44da47f,KXACPI-2025-4.8,50,2024-12-30T00:07:46.394181Z,6,94,yes
148,9958cc53-0c42-446f-9eb5-586f261b6b12,KXACPI-2025-4.3,1,2025-07-27T18:05:51.930896Z,6,94,no
149,8f91a11c-c804-4106-88c8-7d0ca53a969e,KXACPI-2025-4.3,10,2025-07-23T20:25:18.129833Z,6,94,no
150,e115bb5b-636c-4796-9c0c-7a7a017f8037,KXACPI-2025-4.3,3,2025-07-19T18:57:15.462639Z,6,94,no
151,f0bc47a5-a3ed-441d-8a46-6c22cb2cea44,KXACPI-2025-4.3,190,2025-07-15T23:57:27.722045Z,9,91,yes
152,68ddf14d-07c5-4b51-8a70-cff385b811c5,KXACPI-2025-4.3,10,2025-07-15T23:57:27.722045Z,8,92,yes
153,482e78a7-c4cf-4308-a7de-188472e8d935,KXACPI-2025-4.3,25,2025-06-04T22:25:16.239468Z,8,92,no
154,2792efea-2640-43f8-b096-f4e4ff68a324,KXACPI-2025-4.3,25,2025-06-04T22:25:16.239468Z,8,92,no
155,5b9537a9-0d41-4571-80e2-38d527e4c9aa,KXACPI-2025-4.3,25,2025-06-04T00:26:07.286025Z,9,91,no
156,210015b5-cade-4428-902c-fb34ea4a7d95,KXACPI-2025-4.3,25,2025-06-04T00:26:07.286025Z,8,92,no
157,e8262bfe-e4a0-4421-9100-3daa35528d21,KXACPI-2025-4.3,135,2025-05-23T15:42:35.325809Z,13,87,yes
158,c60a506b-87c9-4eb7-8a48-1d24901798ff,KXACPI-2025-4.3,19,2025-05-23T15:42:35.325809Z,11,89,yes
159,9a133c3e-e3cf-489c-942a-5f064ee349cd,KXACPI-2025-4.3,203,2025-05-23T15:42:35.325809Z,11,89,yes
160,45b5d5d5-cde4-4c6a-8a12-aa6ce956bc0b,KXACPI-2025-4.3,50,2025-05-23T15:42:35.325809Z,10,90,yes
161,ba2ca051-a0c8-4479-b321-88a2a23bb4f4,KXACPI-2025-4.3,10,2025-05-18T22:14:27.2535Z,11,89,yes
162,2745e972-b79c-4c00-8a80-3d8f01bbe1cb,KXACPI-2025-4.3,50,2025-05-12T05:20:28.769024Z,11,89,yes
163,9840d99a-ea8c-40f3-b551-7bc4ff60fb7f,KXACPI-2025-4.3,150,2025-05-09T05:55:24.317415Z,7,93,no
164,2dd02fa3-2f45-4251-af76-b3be912e53dd,KXACPI-2025-4.3,899,2025-04-03T04:02:21.975544Z,10,90,yes
165,1bd63206-a738-4b63-9efc-655a71f3a9a5,KXACPI-2025-4.3,46,2025-04-03T04:02:21.975544Z,9,91,yes
166,f7f7d8ff-50e2-43ca-a5c5-62561ea2d4b2,KXACPI-2025-4.3,30,2025-04-03T03:23:01.505023Z,9,91,yes
167,647098ed-a955-46b2-9b37-623416362767,KXACPI-2025-4.3,370,2025-04-03T03:23:01.505023Z,10,90,yes
168,b55f468c-0284-4e30-b270-ac9b6fabcf9a,KXACPI-2025-4.3,29,2025-04-02T05:11:07.298933Z,7,93,yes
169,2ac35f79-159c-4040-af8e-a14be786b295,KXACPI-2025-4.3,150,2025-03-12T02:12:30.504721Z,5,95,no
170,e86b4e82-ab65-490a-ba1e-a655632f82f6,KXACPI-2025-4.3,100,2025-03-10T00:01:40.993023Z,7,93,yes
171,b59765c2-19b7-4889-b8ed-6284b76d931a,KXACPI-2025-4.3,13,2025-02-19T02:09:56.879836Z,7,93,yes
172,cd6d4515-0b6d-4a95-aeb6-b5c754ca7f21,KXACPI-2025-4.3,100,2025-02-15T23:36:04.025277Z,5,95,no
173,6b7068a6-4bcc-4ad3-beee-130a6785c8dc,KXACPI-2025-4.3,500,2025-02-09T23:05:51.152978Z,8,92,yes
174,85ceae7a-a39f-4d00-8703-15a0de8d9bbf,KXACPI-2025-4.3,51,2025-02-07T17:27:24.126543Z,8,92,yes
175,228e8d44-65fb-442b-b1a9-084778b07555,KXACPI-2025-4.3,249,2025-02-07T17:27:24.126543Z,8,92,yes
176,f3df5a39-be13-4794-ab81-c61ea3d6630c,KXACPI-2025-4.3,5,2025-02-03T07:07:46.912274Z,7,93,yes
177,8b7694c8-3ae7-40b5-915a-e7a078932af9,KXACPI-2025-4.3,249,2025-02-03T07:07:46.912274Z,7,93,yes
178,09878552-9f82-45c1-bfde-0c1105782bd1,KXACPI-2025-4.3,67,2025-01-17T02:11:50.163855Z,7,93,yes
179,fcbc58cc-09a2-48b1-b37b-655fe4a655df,KXACPI-2025-4.3,250,2025-01-14T20:44:28.595281Z,7,93,yes
180,252734dd-f844-466e-9c35-239cdc76c677,KXACPI-2025-4.3,50,2025-01-14T20:44:28.595281Z,7,93,yes
181,664f6e29-cde6-4cba-be71-29c5c659b730,KXACPI-2025-4.3,50,2024-12-30T00:09:13.307356Z,7,93,yes
182,c8eb98dc-23aa-4a6b-9922-21be375a05cf,KXACPI-2025-3.8,525,2025-09-05T15:50:27.163094Z,18,82,yes
183,abf98d1f-ce09-445d-b5b0-63c1ae196d03,KXACPI-2025-3.8,10,2025-09-04T02:45:38.928532Z,13,87,yes
184,1b2175f9-2e6f-4940-9c7a-6fb8403c4f82,KXACPI-2025-3.8,10,2025-09-04T02:45:38.928532Z,13,87,yes
185,05c30617-af3a-4d84-9281-57095a0bebb9,KXACPI-2025-3.8,113,2025-08-22T22:53:29.196861Z,13,87,no
186,ae290c82-c0dc-4672-9699-28c6b7bcfaea,KXACPI-2025-3.8,6,2025-08-18T16:20:47.160114Z,14,86,yes
187,ec947a09-36d4-4bee-9f60-6a767888fc37,KXACPI-2025-3.8,7,2025-07-31T14:10:58.376591Z,13,87,yes
188,4056e4ac-1ca1-4d12-8e1b-d42719c7dc2b,KXACPI-2025-3.8,1,2025-07-27T18:05:41.380382Z,11,89,no
189,c135b0fd-e1eb-4740-9ee4-6a0e2c4b8778,KXACPI-2025-3.8,11,2025-07-23T20:25:49.961852Z,11,89,no
190,90686207-c7b7-4438-b17e-b544b2dcc5a6,KXACPI-2025-3.8,25,2025-07-23T02:54:27.144528Z,14,86,no
191,a06b3ea4-4277-49b7-b041-4a62567dcdc8,KXACPI-2025-3.8,100,2025-07-10T05:20:37.633338Z,13,87,no
192,26a434e7-0c57-4db8-a32f-dda4b7a0ef92,KXACPI-2025-3.8,1,2025-07-01T15:11:47.524357Z,13,87,no
193,834b21b6-69d1-4c30-9e49-4c3ca4ace59e,KXACPI-2025-3.8,4,2025-06-12T00:12:37.136748Z,16,84,yes
194,44cfe5fe-05a0-41b0-aecf-47e0697da76e,KXACPI-2025-3.8,25,2025-06-12T00:12:37.136748Z,16,84,yes
195,1f130e71-e1ec-41ae-bcf9-e198f68e794a,KXACPI-2025-3.8,300,2025-06-12T00:12:37.136748Z,17,83,yes
196,f7aaf794-b568-4bc1-ba3b-448a724ebba7,KXACPI-2025-3.8,80,2025-06-04T22:24:57.538459Z,14,86,no
197,6d08c595-8bcf-4c38-ab00-69a572d979ba,KXACPI-2025-3.8,1,2025-05-27T16:11:29.457188Z,19,81,yes
198,e7d02fc8-c145-4818-bf61-29a77ac1b8d9,KXACPI-2025-3.8,4,2025-05-23T15:42:18.90353Z,17,83,yes
199,106c86f6-1ddb-41cc-a084-fc069ac530b5,KXACPI-2025-3.8,179,2025-05-23T15:42:18.90353Z,17,83,yes
200,0bf7b25f-44da-4b4f-9315-1b91b30a19fe,KXACPI-2025-3.8,100,2025-05-23T15:42:18.90353Z,16,84,yes
201,b3402c31-f838-48d8-ae22-affb861e849c,KXACPI-2025-3.8,281,2025-05-17T17:11:28.808763Z,12,88,no
202,f6db34fc-548d-44db-a195-dfe9a772bdb0,KXACPI-2025-3.8,100,2025-05-11T04:58:06.02532Z,13,87,no
203,3534bfeb-a9e6-488b-9ba8-d353f8186798,KXACPI-2025-3.8,13,2025-05-11T04:58:06.02532Z,12,88,no
204,4249fc09-906f-473a-b514-9fe119f31d6b,KXACPI-2025-3.8,20,2025-05-10T21:08:18.124669Z,17,83,yes
205,4f500cdd-fb54-4ccd-9a99-1c0513080cc9,KXACPI-2025-3.8,20,2025-05-09T05:55:35.207018Z,13,87,no
206,04323e43-7f43-49f6-940f-671af8e0445e,KXACPI-2025-3.8,100,2025-05-09T05:55:35.207018Z,13,87,no
207,9ecbf428-47d9-449a-9785-71bc435476d0,KXACPI-2025-3.8,55,2025-05-02T20:50:45.89658Z,17,83,yes
208,cb4381f0-edc4-4de6-b02c-cdbd1ca797ee,KXACPI-2025-3.8,1,2025-04-24T20:07:03.249701Z,17,83,yes
209,9cbf5734-e91a-469b-83a0-a24cefc5e961,KXACPI-2025-3.8,16,2025-04-21T13:23:35.446663Z,17,83,yes
210,3b079b0c-3414-4a9f-bed9-9a4180ec9ded,KXACPI-2025-3.8,500,2025-04-13T17:42:52.468466Z,17,83,yes
211,06680bc2-1ce7-488a-8dc8-873ceaebc523,KXACPI-2025-3.8,45,2025-04-12T16:27:15.400073Z,20,80,yes
212,d56224d3-267f-462b-9595-8fe089dba711,KXACPI-2025-3.8,29,2025-04-06T23:05:49.649947Z,16,84,yes
213,e96630c3-6aff-405f-94fc-12d2d1a39c7a,KXACPI-2025-3.8,250,2025-04-03T20:56:46.512343Z,16,84,yes
214,c9631cd1-b600-499d-9a1d-86f4acdb8e2d,KXACPI-2025-3.8,737,2025-04-03T04:01:12.608335Z,16,84,yes
215,ce08364b-d15e-4814-b314-395f4a8e274a,KXACPI-2025-3.8,16,2025-04-01T17:49:21.502926Z,14,86,yes
216,b7c4da46-a95a-48c4-91aa-c9a36440d45e,KXACPI-2025-3.8,4,2025-04-01T17:49:21.502926Z,12,88,yes
217,a9f97c5e-2c3e-4a06-b47a-d7197be341a6,KXACPI-2025-3.8,100,2025-04-01T17:49:21.502926Z,13,87,yes
218,8ca534b3-8beb-475a-9dab-229d51641c0c,KXACPI-2025-3.8,1,2025-04-01T17:49:21.502926Z,14,86,yes
219,63b7f267-4a1d-40f8-af5b-c6b982fd62a6,KXACPI-2025-3.8,2,2025-04-01T17:49:21.502926Z,14,86,yes
220,5e533989-bed5-4ac7-9eee-bf090d8c7dea,KXACPI-2025-3.8,161,2025-03-31T18:04:04.53532Z,11,89,yes
221,50f12cd1-79c2-4222-abae-8cbe5bbb358e,KXACPI-2025-3.8,8,2025-03-31T05:18:01.254261Z,11,89,yes
222,344bbfe4-0c60-4ed3-bfec-825a0a44644d,KXACPI-2025-3.8,1,2025-03-28T19:26:58.049114Z,9,91,no
223,66340e39-1d13-4e1a-9134-b8198372e917,KXACPI-2025-3.8,200,2025-03-28T13:51:23.853148Z,12,88,yes
224,9336826b-7832-478c-8f1f-0e0615cb5bc2,KXACPI-2025-3.8,336,2025-03-27T23:05:10.072099Z,12,88,yes
225,8918f212-de7a-4b2e-b1c7-eb12a427fbe5,KXACPI-2025-3.8,1,2025-03-27T23:00:19.559848Z,12,88,yes
226,d9dd6a0e-09c3-42a2-8ffd-6fc57e025825,KXACPI-2025-3.8,13,2025-03-27T23:00:12.476834Z,12,88,yes
227,88dc72f1-7154-4048-959f-7f1cda61c526,KXACPI-2025-3.8,100,2025-03-27T22:59:53.077252Z,12,88,yes
228,bbf6c577-d776-4f29-97a6-e35c21241d87,KXACPI-2025-3.8,326,2025-03-27T20:34:43.353815Z,12,88,yes
229,5a1cf987-44b2-46ed-a616-67340f2f6e18,KXACPI-2025-3.8,300,2025-03-27T20:12:19.049625Z,12,88,yes
230,c912fd42-48de-4d6a-9b19-b322d5035157,KXACPI-2025-3.8,24,2025-03-27T19:57:53.024344Z,12,88,yes
231,71dd5c7f-fd9f-4ade-b3e3-781926285c58,KXACPI-2025-3.8,150,2025-03-26T21:30:46.611412Z,12,88,yes
232,a290800e-35e9-4d8d-8a3a-18274010a348,KXACPI-2025-3.8,164,2025-03-22T23:33:09.894866Z,10,90,no
233,a98fe59c-9eb0-42b5-a499-4575adce4e6c,KXACPI-2025-3.8,150,2025-03-12T02:11:57.456669Z,11,89,no
234,6f9fb99d-dbd3-4c1e-b910-fdeb84ef2ef4,KXACPI-2025-3.8,90,2025-03-12T02:11:33.738676Z,11,89,no
235,f05d009e-b850-4460-8fe6-3fa340cda221,KXACPI-2025-3.8,1,2025-03-09T20:46:04.51074Z,12,88,yes
236,0cb1dd43-8125-422c-bea0-46377c61bbff,KXACPI-2025-3.8,528,2025-03-09T20:46:04.51074Z,12,88,yes
237,3a5c603e-ae9b-407c-86c8-8c069170b233,KXACPI-2025-3.8,1,2025-03-05T19:24:06.683246Z,11,89,no
238,67bea77e-c4ee-4555-81e5-65742f1d9aba,KXACPI-2025-3.8,14,2025-03-05T04:09:39.576599Z,12,88,yes
239,bb8f3796-17d6-42dd-b996-854579e03622,KXACPI-2025-3.8,1500,2025-03-04T13:08:28.431522Z,12,88,yes
240,daf35ab8-aeb0-4c27-811f-ad9d5b815a7b,KXACPI-2025-3.8,500,2025-03-04T05:20:22.486212Z,12,88,yes
241,fba9f16b-635c-4cb7-8f10-91f8727f479a,KXACPI-2025-3.8,18,2025-03-03T05:11:22.094213Z,11,89,yes
242,25c8a77a-6c4a-421f-8659-e111842b54f9,KXACPI-2025-3.8,100,2025-03-03T05:11:22.094213Z,11,89,yes
243,038edf83-1f54-41f9-a0d6-06cae77ced9e,KXACPI-2025-3.8,85,2025-02-16T06:38:57.500942Z,11,89,yes
244,0e6777aa-8e8e-4c29-ad70-e63b7125c1f2,KXACPI-2025-3.8,10,2025-02-15T23:36:14.75402Z,10,90,no
245,9200f12d-274a-4eb5-8fed-46dc2c40c763,KXACPI-2025-3.8,87,2025-02-08T06:45:19.364047Z,11,89,yes
246,3239825d-b76c-45f8-92f0-86e93a83c88f,KXACPI-2025-3.8,77,2025-02-08T06:45:19.364047Z,12,88,yes
247,c1919985-a6b2-4d6d-8394-423cd2e9f22c,KXACPI-2025-3.8,64,2025-02-08T06:20:38.811876Z,8,92,no
248,a00f0bec-e0be-4c8a-98d4-582ed708cf25,KXACPI-2025-3.8,87,2025-02-04T04:04:09.868143Z,8,92,no
249,f9ba68e1-616a-406a-b2a2-30f49f34167c,KXACPI-2025-3.8,50,2025-02-04T00:04:51.71747Z,9,91,no
250,e0d2d192-97e2-47e6-9d03-f0280f5a4bd5,KXACPI-2025-3.8,78,2025-02-03T06:17:20.495062Z,12,88,yes
251,f33e7f2c-f605-4008-96fc-d4509d1b24f8,KXACPI-2025-3.8,250,2025-01-25T21:52:51.513956Z,9,91,no
252,a3110771-f548-4dbe-9b02-53e1e59a517f,KXACPI-2025-3.8,313,2025-01-21T16:08:51.07602Z,8,92,no
253,d4288261-9de4-4976-9005-c950be9a36d8,KXACPI-2025-3.8,100,2025-01-20T00:13:07.517891Z,9,91,no
254,22824894-5023-47c9-a8b4-5a0ff57fd7bf,KXACPI-2025-3.8,280,2025-01-19T18:43:55.126489Z,9,91,yes
255,f5e2ee5e-daf6-4a45-8ab0-c8d64f635fc5,KXACPI-2025-3.8,100,2025-01-19T06:47:24.02421Z,9,91,no
256,81a58132-16f2-4698-b492-c67b5526531c,KXACPI-2025-3.8,10,2025-01-19T06:12:17.632002Z,11,89,no
257,390862d1-170e-4ec5-b3a0-68eee5cabe54,KXACPI-2025-3.8,10,2025-01-19T06:12:17.632002Z,11,89,no
258,92082454-2a6d-449a-b285-136158b85085,KXACPI-2025-3.8,1,2025-01-17T22:48:25.333437Z,12,88,yes
259,4d1911a9-e1c3-447a-8318-362453a1b3e8,KXACPI-2025-3.8,200,2025-01-17T21:39:11.574036Z,12,88,yes
260,cd5161c1-43ba-4d6d-b933-d9be0d8c23ee,KXACPI-2025-3.8,74,2025-01-16T23:32:49.459955Z,12,88,yes
261,203638dd-1188-451f-baa3-8a49529a90c1,KXACPI-2025-3.8,26,2025-01-16T23:32:49.459955Z,12,88,yes
262,ed5980aa-2cf8-4005-b8e1-0c283f289133,KXACPI-2025-3.8,1,2025-01-15T14:08:33.079723Z,12,88,yes
263,3809657a-bc55-4763-872f-052e11162036,KXACPI-2025-3.8,25,2025-01-15T07:15:37.855139Z,12,88,yes
264,c74ab57c-ae38-421b-9fea-0a9ace9b63c8,KXACPI-2025-3.8,10,2025-01-15T07:15:20.341756Z,11,89,yes
265,ab38ca26-2d06-4f34-9e7a-04a4d417a68f,KXACPI-2025-3.8,10,2025-01-05T20:24:03.547053Z,5,95,no
266,ed64bad3-b763-450e-ba2f-b8f60fde1809,KXACPI-2025-3.3,4000,2025-09-06T23:07:05.984817Z,39,61,yes
267,0ade66cd-99bd-4c13-b485-4a4417a413d4,KXACPI-2025-3.3,860,2025-09-06T23:07:05.984817Z,37,63,yes
268,0e3626bd-31a7-4fd6-ad47-2670603b55e8,KXACPI-2025-3.3,100,2025-09-05T23:48:18.668753Z,37,63,yes
269,565d96bf-643c-4db8-a586-afbeb2ce8f4e,KXACPI-2025-3.3,25,2025-09-05T21:06:41.232557Z,37,63,yes
270,2072d84e-9c07-4fff-b9ab-7b3edea9c520,KXACPI-2025-3.3,5,2025-09-05T16:59:03.328351Z,37,63,yes
271,996e385b-52ba-46dc-b23d-ca8a32db41fe,KXACPI-2025-3.3,54,2025-09-04T21:17:11.97459Z,37,63,yes
272,b7b7fa46-280c-419b-98ef-c8a69aa52045,KXACPI-2025-3.3,129,2025-09-04T17:24:23.07943Z,37,63,yes
273,c276b4eb-b135-4620-b6de-869015fcdcb6,KXACPI-2025-3.3,116,2025-09-03T16:55:52.481375Z,37,63,yes
274,4ad4c96b-5a95-4719-8426-66aada5ac32d,KXACPI-2025-3.3,11,2025-09-03T16:55:52.481375Z,36,64,yes
275,a08d37e7-ebc5-41e6-8396-f9d74d3ef1bf,KXACPI-2025-3.3,5,2025-09-01T13:42:42.990337Z,37,63,yes
276,6e1adb17-6415-44e1-a026-b60cd1ede88a,KXACPI-2025-3.3,200,2025-09-01T02:48:15.352649Z,37,63,yes
277,b0702aae-d623-4840-8f4d-358f74ff5738,KXACPI-2025-3.3,87,2025-08-31T01:51:31.971821Z,35,65,yes
278,7a5cbe5d-bb6f-415e-877a-2666c99cec37,KXACPI-2025-3.3,50,2025-08-31T01:51:31.971821Z,36,64,yes
279,376c9aba-7ff2-41ad-8e36-54fd5834e92b,KXACPI-2025-3.3,127,2025-08-31T01:51:31.971821Z,37,63,yes
280,730238e4-76cf-4262-bb05-dd31b64c0cac,KXACPI-2025-3.3,157,2025-08-30T23:53:07.393473Z,30,70,no
281,09685d3b-f13e-45a3-955c-1dcc241d40bd,KXACPI-2025-3.3,126,2025-08-30T19:49:01.492307Z,30,70,no
282,6333a2d5-a67a-408e-8704-ee1ac6c92ea7,KXACPI-2025-3.3,23,2025-08-29T01:54:16.655594Z,35,65,no
283,53f48172-50e0-48aa-8d22-62e5fded9594,KXACPI-2025-3.3,2,2025-08-29T00:32:59.509838Z,35,65,yes
284,8fe3d8e0-2598-45bb-82f6-3a5e339c34cf,KXACPI-2025-3.3,50,2025-08-25T15:04:43.297974Z,30,70,yes
285,64d3b5a6-d7b6-4ee9-a6a7-cd349c6cd922,KXACPI-2025-3.3,186,2025-08-24T01:48:40.289503Z,29,71,no
286,2f10773c-7046-406f-b975-b34753fd950f,KXACPI-2025-3.3,14,2025-08-24T01:48:40.289503Z,29,71,no
287,3337b24e-e2fb-4c95-8329-c47795642d6b,KXACPI-2025-3.3,953,2025-08-23T20:01:31.135358Z,30,70,yes
288,0fe08af6-0340-450c-8ed7-8a73ec33c2f3,KXACPI-2025-3.3,3,2025-08-22T15:20:46.078785Z,29,71,no
289,fd3dd763-20f8-41e5-b958-80598caa1a3e,KXACPI-2025-3.3,31,2025-08-20T19:41:38.974341Z,30,70,yes
290,4270dc42-ccba-4b67-8903-d01612ee22c7,KXACPI-2025-3.3,14,2025-08-19T19:43:09.673299Z,27,73,yes
291,e2dc7517-bc39-46aa-965a-15d61c1f7543,KXACPI-2025-3.3,43,2025-08-19T04:30:14.535126Z,24,76,yes
292,41739063-8ed7-4209-ba6c-2115ef464306,KXACPI-2025-3.3,24,2025-08-19T04:30:14.535126Z,24,76,yes
293,aae0a694-2249-46cd-bed9-d67c15101c0b,KXACPI-2025-3.3,7,2025-08-18T16:20:31.079208Z,25,75,yes
294,e5655688-80a4-4f17-8eda-b8ee0f26c918,KXACPI-2025-3.3,45,2025-08-14T15:27:10.853934Z,25,75,yes
295,a147e152-106e-4cb1-b6d2-a4c73d716560,KXACPI-2025-3.3,32,2025-08-14T15:27:10.853934Z,24,76,yes
296,6db97570-df8a-4051-ad48-101e9bb8b02e,KXACPI-2025-3.3,3,2025-08-13T12:15:01.232622Z,25,75,yes
297,44028af1-1b01-450a-bddc-39fb56430e88,KXACPI-2025-3.3,180,2025-08-13T03:27:09.470939Z,23,77,yes
298,6632b450-72b5-423d-ac35-740d681ca3ca,KXACPI-2025-3.3,100,2025-08-12T20:02:46.091294Z,23,77,no
299,a0c227df-1ba0-41a3-8061-28488e66a675,KXACPI-2025-3.3,39,2025-08-12T14:15:01.602757Z,24,76,yes
300,a8bd4d9f-7a46-49ad-8cff-1b620cc440ab,KXACPI-2025-3.3,4,2025-08-12T13:09:05.480911Z,24,76,yes
301,91b64563-128d-4129-b243-3820d5e1e2f3,KXACPI-2025-3.3,35,2025-08-12T13:09:05.480911Z,24,76,yes
302,723a6a3f-bd51-4d93-aa1e-886c84f15e23,KXACPI-2025-3.3,113,2025-08-12T12:10:16.643486Z,24,76,yes
303,d2e1be8c-21a8-4b98-b97f-9a2c33dcf5e1,KXACPI-2025-3.3,59,2025-08-12T12:10:10.443192Z,23,77,yes
304,943a9f71-31e0-4ea2-82e7-4e021af75ef9,KXACPI-2025-3.3,28,2025-08-12T12:10:10.443192Z,23,77,yes
305,bf95c2f2-877c-485e-aeeb-4cc3d5b4dad6,KXACPI-2025-3.3,80,2025-08-11T04:28:46.7919Z,19,81,no
306,400162fb-15f0-4fab-a6ee-b917a0cf0b30,KXACPI-2025-3.3,80,2025-08-09T19:06:23.292779Z,20,80,no
307,71d45774-2087-4146-8bae-b192cc37a843,KXACPI-2025-3.3,55,2025-08-09T16:00:10.406992Z,23,77,yes
308,6a25fe6e-2903-4cdc-80a1-bdc37f9f30c7,KXACPI-2025-3.3,25,2025-08-09T16:00:10.406992Z,25,75,yes
309,3ee0a50c-a5c7-406e-b859-8bf41730ba17,KXACPI-2025-3.3,103,2025-08-08T04:05:31.956071Z,23,77,yes
310,5240b765-995b-4052-8916-e3c38b6580f0,KXACPI-2025-3.3,310,2025-08-07T17:29:08.047577Z,23,77,yes
311,2a79ece8-a9a9-427d-b2c0-b0d276a17807,KXACPI-2025-3.3,680,2025-08-06T12:57:04.969377Z,23,77,yes
312,397d353e-69f4-4d77-86bd-08ed37ecf311,KXACPI-2025-3.3,4,2025-07-31T14:11:47.105451Z,23,77,yes
313,b974bc8e-9001-4e5d-a9fb-72a21680decc,KXACPI-2025-3.3,41,2025-07-31T05:03:28.460633Z,23,77,yes
314,cd360d50-ca48-409c-9f7f-42d31aafeb5c,KXACPI-2025-3.3,165,2025-07-31T01:15:15.200648Z,23,77,yes
315,f46bb041-5c2e-40fb-aa16-ee9d68ad05f8,KXACPI-2025-3.3,20,2025-07-29T00:34:35.46196Z,23,77,yes
316,786898df-24d2-419c-b8c9-fafdbaa2773b,KXACPI-2025-3.3,20,2025-07-29T00:18:26.919579Z,23,77,yes
317,b016dced-b973-4b25-8dc0-7313c5d869ab,KXACPI-2025-3.3,12,2025-07-23T20:26:15.20479Z,19,81,no
318,651d4356-8be5-4d63-9ba0-820d747d57b7,KXACPI-2025-3.3,20,2025-07-21T06:51:37.907947Z,16,84,no
319,c97a8e97-8ea8-4364-8acf-ece3100422cb,KXACPI-2025-3.3,20,2025-07-18T16:00:56.166287Z,19,81,yes
320,db6b655b-71d5-4179-952f-d00117ad864b,KXACPI-2025-3.3,20,2025-07-16T00:28:37.998908Z,16,84,no
321,b9b3ff03-7401-4e58-ace8-da79d45d1dd4,KXACPI-2025-3.3,9,2025-07-11T21:28:37.891025Z,19,81,yes
322,9a3f0e8c-2c74-46cd-a789-f356a3c612e6,KXACPI-2025-3.3,1,2025-07-01T15:11:39.874206Z,13,87,no
323,c56fdad9-28d7-48b9-a7b8-2fb6c084bf66,KXACPI-2025-3.3,75,2025-06-30T21:50:19.824031Z,20,80,yes
324,72484ff2-d15e-475e-a5c6-e9a21d3d2cf6,KXACPI-2025-3.3,20,2025-06-30T21:50:19.824031Z,19,81,yes
325,d82f31d2-4033-4c08-aa89-f26d9aae1391,KXACPI-2025-3.3,50,2025-06-24T18:03:20.53216Z,20,80,yes
326,9a918c2f-2587-4adf-aeec-9cf004089eea,KXACPI-2025-3.3,35,2025-06-24T18:03:20.53216Z,20,80,yes
327,5133ea22-fbe7-4f95-90f9-b754cdff52d4,KXACPI-2025-3.3,10,2025-06-24T18:03:20.53216Z,19,81,yes
328,70c593cb-654c-45a9-8ddc-523704a43726,KXACPI-2025-3.3,9,2025-06-22T23:15:05.284647Z,19,81,yes
329,2859c2a2-7899-4f9b-be57-a40ee4a2d1b2,KXACPI-2025-3.3,300,2025-06-12T00:12:24.686554Z,17,83,yes
330,de39fb17-4680-4474-a1d7-9bd7c3668576,KXACPI-2025-3.3,4,2025-06-11T12:41:28.635435Z,11,89,no
331,af4ea9e7-2d4c-43c7-bfb5-5b9663f5ad22,KXACPI-2025-3.3,266,2025-06-11T12:41:28.635435Z,12,88,no
332,290400e4-ef79-437c-bf05-d347b4e0eb3e,KXACPI-2025-3.3,730,2025-06-11T12:41:28.635435Z,10,90,no
333,fc484300-93a8-4f2f-8d0f-f1852852605b,KXACPI-2025-3.3,50,2025-06-04T22:25:05.205982Z,14,86,no
334,ddb3fa8d-919c-493d-bfa6-a217959acb5b,KXACPI-2025-3.3,150,2025-06-04T22:24:45.776459Z,14,86,no
335,fc5f3e88-3f9a-450f-9576-4ab22726896b,KXACPI-2025-3.3,1,2025-05-27T16:11:18.155747Z,18,82,yes
336,c014a408-e0f1-46a3-a85b-0fd41691430a,KXACPI-2025-3.3,262,2025-05-23T15:41:11.931046Z,18,82,yes
337,37a338eb-593d-4f96-9c21-2d7804ca27c1,KXACPI-2025-3.3,40,2025-05-14T19:10:35.483114Z,12,88,no
338,263ecb69-2874-4ba3-b4b7-012fae367b54,KXACPI-2025-3.3,1,2025-05-14T12:58:46.796378Z,12,88,no
339,32f460bc-bec8-455f-ad34-38170791b678,KXACPI-2025-3.3,1,2025-05-13T06:30:35.122645Z,17,83,yes
340,d9c12503-5cc2-4fe5-ac29-68045331ea07,KXACPI-2025-3.3,1,2025-05-03T21:43:33.096608Z,17,83,yes
341,88b088cb-fa9f-45ed-a422-a0a6f54fda58,KXACPI-2025-3.3,20,2025-05-02T20:50:34.166092Z,17,83,yes
342,2b79d51b-92d5-413e-8054-be2a05016b29,KXACPI-2025-3.3,35,2025-05-02T20:50:34.166092Z,17,83,yes
343,9ba4c1c9-cbb1-453a-9d93-a88bc5d315dd,KXACPI-2025-3.3,88,2025-05-02T13:54:55.108123Z,13,87,no
344,670a89ed-928a-44cb-8fce-2becf99977f3,KXACPI-2025-3.3,55,2025-05-01T15:23:17.283238Z,17,83,yes
345,24e51111-22f0-4056-adfe-45f665297a45,KXACPI-2025-3.3,1,2025-04-24T20:06:53.644303Z,17,83,yes
346,430d87e7-5f36-4218-b426-0f65466da53b,KXACPI-2025-3.3,5,2025-04-20T21:07:46.965687Z,17,83,yes
347,9ea1a63d-12e5-421f-8d50-5cd5e5b217a1,KXACPI-2025-3.3,96,2025-04-08T17:51:22.263874Z,17,83,yes
348,4e3df06f-e4ce-4f19-9287-94bb8887c530,KXACPI-2025-3.3,200,2025-04-02T22:17:25.810761Z,18,82,yes
349,f7ebd3f8-3f56-430e-93eb-ff194444a1ba,KXACPI-2025-3.3,18,2025-04-01T03:42:12.333117Z,16,84,no
350,a6e42bb0-e7fe-4b54-a28c-2a1d84dc3772,KXACPI-2025-3.3,130,2025-03-31T16:10:00.644377Z,18,82,yes
351,c48a6a80-37f7-4d56-8f46-0752837c289d,KXACPI-2025-3.3,5,2025-03-31T05:17:52.892624Z,18,82,yes
352,a26a282a-beb8-4435-8b34-a4d87cc67834,KXACPI-2025-3.3,1,2025-03-28T19:26:14.659235Z,15,85,no
353,7bdebaa7-279d-49f9-9275-e27618c71066,KXACPI-2025-3.3,200,2025-03-28T13:52:07.104333Z,18,82,yes
354,17e9ee95-c906-4a85-947e-2da111e8747d,KXACPI-2025-3.3,52,2025-03-26T23:07:29.132974Z,18,82,yes
355,8980b65f-2112-4072-b3e6-8004abbde37f,KXACPI-2025-3.3,50,2025-03-26T01:50:19.959903Z,18,82,yes
356,2a541a38-4c6d-4803-b0fc-3410d184b0e6,KXACPI-2025-3.3,40,2025-03-26T01:50:14.223372Z,18,82,yes
357,0cb7bbd6-4009-42b8-b87b-04ded235e6d1,KXACPI-2025-3.3,50,2025-03-26T01:50:08.723081Z,18,82,yes
358,e5795ef1-c670-4333-8a54-794bd7e1877b,KXACPI-2025-3.3,60,2025-03-26T01:50:03.79317Z,18,82,yes
359,ca861e51-cdba-4542-82cc-6475824ee943,KXACPI-2025-3.3,70,2025-03-26T01:49:58.376366Z,18,82,yes
360,17d544a4-648d-4cb3-a830-40da3ab2d938,KXACPI-2025-3.3,80,2025-03-26T01:49:52.181633Z,18,82,yes
361,bfb22a6a-eed4-43d6-b278-2af73848d9c7,KXACPI-2025-3.3,100,2025-03-26T01:49:45.975959Z,18,82,yes
362,6d0f5f17-1c08-46a0-b266-ef49d6928071,KXACPI-2025-3.3,150,2025-03-26T01:49:31.767602Z,18,82,yes
363,0efd0987-4999-4884-ad25-1e827ccabd97,KXACPI-2025-3.3,200,2025-03-26T01:49:22.718734Z,18,82,yes
364,2178418e-bc35-4c70-8fea-93ddf439730b,KXACPI-2025-3.3,75,2025-03-25T23:15:36.258261Z,18,82,yes
365,697cf7e3-6f59-4444-9120-d93e512299dd,KXACPI-2025-3.3,225,2025-03-25T17:17:09.483713Z,18,82,yes
366,b74d52c1-a180-48b9-8db0-5962eb7f3ed2,KXACPI-2025-3.3,100,2025-03-25T12:04:45.992121Z,18,82,yes
367,bf8d2e87-b048-42a8-9724-e9eed91e20fa,KXACPI-2025-3.3,100,2025-03-23T20:29:14.166937Z,18,82,yes
368,611d533d-2f88-4fba-8ecd-48bafce5f192,KXACPI-2025-3.3,100,2025-03-22T23:02:55.872842Z,18,82,yes
369,cd42521c-aee6-466d-bda3-b4145d2abadd,KXACPI-2025-3.3,1,2025-03-20T03:42:33.27707Z,18,82,yes
370,79e7939b-fb89-4f4a-abad-938715e54757,KXACPI-2025-3.3,78,2025-03-12T19:39:03.435195Z,18,82,yes
371,a7263a8e-3225-446e-a1d1-4bb38efe616d,KXACPI-2025-3.3,250,2025-03-12T02:12:47.34678Z,16,84,no
372,9b0c8c8d-c3f3-4f63-9d65-8192db070da3,KXACPI-2025-3.3,150,2025-03-10T05:40:09.718756Z,18,82,yes
373,604cd388-d5b1-448e-a065-57713c674174,KXACPI-2025-3.3,100,2025-03-10T05:40:09.718756Z,18,82,yes
374,542bb16d-d689-4c4a-a81e-ddabbe65325c,KXACPI-2025-3.3,100,2025-03-10T05:40:09.718756Z,18,82,yes
375,4791c2f0-3d65-4d36-b610-58be3a641cb2,KXACPI-2025-3.3,20,2025-03-09T22:55:26.572573Z,16,84,no
376,99b815e8-c048-4b78-bf2f-fea8b9ce8f39,KXACPI-2025-3.3,500,2025-03-05T06:43:29.298264Z,18,82,yes
377,e31d0854-f95a-424b-ba8c-391e2c2e2655,KXACPI-2025-3.3,250,2025-03-05T04:09:53.192959Z,18,82,yes
378,f92a0e4e-e754-4cb5-8e06-13f3bd8229d9,KXACPI-2025-3.3,116,2025-03-03T05:55:20.869509Z,14,86,no
379,d32b9526-49c7-446d-a3c4-39af65478266,KXACPI-2025-3.3,100,2025-03-03T05:55:20.869509Z,16,84,no
380,19e8da21-54d0-4542-9e99-c962235995fc,KXACPI-2025-3.3,2,2025-03-03T05:55:20.869509Z,16,84,no
381,3bf30f7f-874b-4677-8dca-030d218fbcef,KXACPI-2025-3.3,1,2025-02-28T04:59:14.58155Z,18,82,yes
382,a2782bca-6533-4a29-95dc-d007e6df54d5,KXACPI-2025-3.3,5,2025-02-22T19:16:05.678726Z,17,83,yes
383,2b9e6a50-4d48-4fec-af08-39065610e230,KXACPI-2025-3.3,55,2025-02-22T19:15:48.637546Z,17,83,yes
384,64fefdc4-624b-46b8-ae6e-ae722954cd1e,KXACPI-2025-3.3,25,2025-02-16T19:10:45.281275Z,18,82,yes
385,c70b7c04-4dc4-4a40-868c-b4abc010df86,KXACPI-2025-3.3,1,2025-02-15T15:36:07.647694Z,17,83,no
386,11f738f9-7580-4f5a-a17d-185adae6c2e2,KXACPI-2025-3.3,99,2025-02-15T15:36:02.459905Z,17,83,no
387,c0826f37-62fa-4325-9408-83be626e908f,KXACPI-2025-3.3,100,2025-02-14T17:24:27.748463Z,18,82,yes
388,a53ff087-f958-432a-b897-df8ddd893e56,KXACPI-2025-3.3,138,2025-02-11T04:57:25.306523Z,18,82,yes
389,976d0773-a16b-4e65-a5ea-05047539c0ae,KXACPI-2025-3.3,20,2025-02-11T04:57:25.306523Z,17,83,yes
390,0576105f-67a2-4026-a525-316a39777568,KXACPI-2025-3.3,55,2025-02-08T06:44:23.259914Z,17,83,yes
391,0cc7a6b4-eb51-48ac-b5cb-671e8eef3d2e,KXACPI-2025-3.3,248,2025-02-04T04:03:33.688243Z,14,86,no
392,abaa457b-c8e3-450b-83c4-878f3bb9d6fa,KXACPI-2025-3.3,250,2025-02-03T19:54:41.78946Z,15,85,no
393,eafa5c3e-8149-4f2f-8e77-7286c5386668,KXACPI-2025-3.3,26,2025-02-02T16:34:16.782611Z,14,86,no
394,8015e0c4-ebe0-4d75-a482-00dea57534da,KXACPI-2025-3.3,2,2025-01-30T05:19:01.014091Z,15,85,no
395,cc0db344-3aa5-4102-8858-d3fedc3ae2a3,KXACPI-2025-3.3,1,2025-01-28T05:12:16.512822Z,19,81,yes
396,c2bb8897-1d77-417a-b5ae-c4e35c069773,KXACPI-2025-3.3,25,2025-01-28T05:12:16.512822Z,18,82,yes
397,b59af31d-ef11-49d9-9c1d-1cd349a7d563,KXACPI-2025-3.3,461,2025-01-28T02:50:06.59026Z,15,85,no
398,903de038-2734-4b44-bc3a-86b475eab201,KXACPI-2025-3.3,88,2025-01-26T23:29:10.72359Z,16,84,yes
399,0bdba238-f60a-48b4-92ee-cddc4ff9dc99,KXACPI-2025-3.3,100,2025-01-26T02:55:06.866881Z,16,84,yes
400,8e70712b-38a3-4307-ac81-2642f676eb2e,KXACPI-2025-3.3,302,2025-01-25T05:39:54.257602Z,15,85,no
401,ea002e76-f48e-413d-bc41-fd14208920d8,KXACPI-2025-3.3,6,2025-01-22T01:07:41.460056Z,16,84,no
402,c0466e83-f438-446a-a281-f08191305a55,KXACPI-2025-3.3,25,2025-01-22T01:07:41.460056Z,16,84,no
403,18752f2d-6611-421a-9100-1fc379a1c6e7,KXACPI-2025-3.3,250,2025-01-22T01:07:41.460056Z,16,84,no
404,2a5d392d-95dd-486c-b2fa-a0a7c893a618,KXACPI-2025-3.3,6,2025-01-21T16:09:37.19161Z,17,83,no
405,16a02c9b-773b-437e-a4ff-7a6c0f8a477a,KXACPI-2025-3.3,10,2025-01-21T02:30:21.009711Z,20,80,yes
406,8a9700b1-7bc8-4d69-9c83-8a68d196e05d,KXACPI-2025-3.3,60,2025-01-19T18:45:05.405784Z,18,82,yes
407,e8dc9116-3246-48da-81da-0332193649af,KXACPI-2025-3.3,100,2025-01-19T18:43:24.551304Z,18,82,yes
408,45cb3334-0c8e-4020-b4a5-89d3c911765c,KXACPI-2025-3.3,100,2025-01-18T19:28:48.590448Z,18,82,no
409,21db197d-2090-4715-a1de-bfd59c745726,KXACPI-2025-3.3,2,2025-01-18T19:28:48.590448Z,18,82,no
410,d75b6b03-a244-420d-bdb9-277fc9babba7,KXACPI-2025-3.3,100,2025-01-18T18:46:48.319589Z,19,81,no
411,9976c5b7-cc5b-4892-abdb-3bf9c4e621f6,KXACPI-2025-3.3,10,2025-01-18T17:50:04.436736Z,20,80,yes
412,0f3038d9-c941-4b84-b47c-2c5da0afb3dc,KXACPI-2025-3.3,1,2025-01-17T22:48:18.134014Z,20,80,yes
413,5480bfa8-c365-40c1-b262-1d07cdfbfbf0,KXACPI-2025-3.3,100,2025-01-17T21:39:26.731748Z,20,80,yes
414,5548bc94-1e87-4192-84b7-c21db441439a,KXACPI-2025-3.3,71,2025-01-16T06:08:13.308942Z,20,80,yes
415,a21b59e4-b46e-45c5-82b8-da220df81fc9,KXACPI-2025-3.3,98,2025-01-15T14:48:09.530042Z,18,82,no
416,70e75857-ed74-473d-a5bd-6c7ef122892b,KXACPI-2025-3.3,100,2025-01-15T14:48:09.530042Z,19,81,no
417,96b9f8fe-cf34-47c5-90cc-d5df36984c6e,KXACPI-2025-3.3,25,2025-01-15T07:14:59.553752Z,20,80,yes
418,decb96d1-f362-427c-868d-2abaced14b8a,KXACPI-2025-3.3,208,2025-01-14T20:43:16.24692Z,20,80,yes
419,d53b3d90-3dee-455c-84bc-4a8603d25314,KXACPI-2025-3.3,42,2025-01-14T20:43:16.24692Z,19,81,yes
420,e22336d2-4344-454e-aab2-017bdf490d9a,KXACPI-2025-3.3,186,2025-01-14T14:53:55.208357Z,19,81,yes
421,753f2dcc-696c-4cb2-8a09-893b2a50781d,KXACPI-2025-3.3,10,2025-01-14T14:53:55.208357Z,20,80,yes
422,5ae91d13-b56e-4500-98b3-5eae9e4d7157,KXACPI-2025-3.3,2,2025-01-14T14:53:55.208357Z,20,80,yes
423,c5c11d2b-05a6-4dd6-9fd2-6517b2f0026d,KXACPI-2025-3.3,100,2025-01-10T16:22:19.739252Z,19,81,yes
424,c10f5e50-e46c-481c-a3e8-d2ba1bf39061,KXACPI-2025-3.3,100,2025-01-10T16:22:19.739252Z,19,81,yes
425,3f220bb8-75a0-4302-9a47-0e005dd4c23f,KXACPI-2025-3.3,800,2025-01-10T16:22:19.739252Z,19,81,yes
426,5cbeac10-33f9-4bec-93f5-c309a7130209,KXACPI-2025-3.3,2,2025-01-07T23:15:49.477589Z,18,82,no
427,e9a17371-8ae9-4672-93ab-a72b543f31a7,KXACPI-2025-3.3,45,2025-01-05T20:22:53.460035Z,21,79,yes
428,935df1ac-044f-4bbe-93b8-442d7022139c,KXACPI-2025-3.3,2,2024-12-26T04:24:45.157432Z,15,85,no
429,47dab578-76d5-4c79-a159-22af87e0bb39,KXACPI-2025-3.3,20,2024-12-23T01:30:06.79307Z,23,77,yes
430,368fc5d4-b014-4db5-9e64-3120d00c4a25,KXACPI-2025-3.3,2,2024-12-21T06:38:01.247824Z,79,21,yes
431,d3be4c2a-8441-4178-bf84-03b135086f58,KXACPI-2025-2.8,7,2025-09-05T01:28:18.834574Z,25,75,yes
432,d3197bdf-366d-425f-a01e-763f06bad506,KXACPI-2025-2.8,190,2025-09-04T17:24:39.596774Z,25,75,yes
433,ad525546-746c-4a14-acb9-77495c432ade,KXACPI-2025-2.8,11,2025-09-03T05:03:03.888424Z,25,75,no
434,58b3efc6-c659-4018-a8b0-c53a9cbd31a6,KXACPI-2025-2.8,442,2025-08-30T23:54:52.552189Z,24,76,no
435,124b760d-db62-4c3a-8d01-333914739a7e,KXACPI-2025-2.8,2,2025-08-30T23:54:52.552189Z,25,75,no
436,d351e38e-b9b2-4119-8daf-a3ae2cfc9a32,KXACPI-2025-2.8,2,2025-08-30T23:54:27.372208Z,27,73,no
437,b1e76e08-4a4e-4445-a8b6-36de3af7199e,KXACPI-2025-2.8,1612,2025-08-30T23:54:27.372208Z,25,75,no
438,1a1b1405-2183-4fe4-acb9-bc34df80b29c,KXACPI-2025-2.8,54,2025-08-30T23:54:27.372208Z,25,75,no
439,0f40fae3-79dc-4976-b6fb-2543ae7867d7,KXACPI-2025-2.8,68,2025-08-30T23:54:27.372208Z,25,75,no
440,1b736215-182c-4e19-b89d-32d3e1ddb9bd,KXACPI-2025-2.8,11,2025-08-26T03:12:52.629099Z,33,67,yes
441,39f728cf-3f69-4ccd-90be-b58b83a7182c,KXACPI-2025-2.8,280,2025-08-25T17:30:38.414913Z,32,68,yes
442,d7ddc326-52c9-4123-a487-7d4ebbd5d0ef,KXACPI-2025-2.8,163,2025-08-25T15:04:43.036174Z,32,68,no
443,2a27fa73-d175-426c-b74b-ff0497721373,KXACPI-2025-2.8,700,2025-08-23T20:43:06.101441Z,30,70,yes
444,9138a268-c7de-4948-b7ed-584d0c2ad75c,KXACPI-2025-2.8,22,2025-08-22T01:38:20.034057Z,30,70,yes
445,cbfc083b-e1aa-4dda-9fbc-623b53866b35,KXACPI-2025-2.8,6,2025-08-21T18:45:51.912359Z,30,70,yes
446,a5e2fc63-3a39-4fe2-bf6f-3bf64dd410a0,KXACPI-2025-2.8,200,2025-08-21T14:38:42.982786Z,30,70,yes
447,70650aba-af85-4400-b073-68bb83a81227,KXACPI-2025-2.8,408,2025-08-21T14:38:42.982786Z,30,70,yes
448,c4b93f4d-5b9c-4963-aef6-9d1d5da8f635,KXACPI-2025-2.8,392,2025-08-21T14:33:21.571932Z,29,71,yes
449,94b1166a-af9e-4753-b058-e8c49c82a91c,KXACPI-2025-2.8,65,2025-08-21T06:08:27.654991Z,29,71,yes
450,0b0978a3-2d6a-4664-ac71-6de5abd44276,KXACPI-2025-2.8,100,2025-08-20T22:30:11.524424Z,29,71,yes
451,c2301d89-d143-474b-814d-58e66b49c797,KXACPI-2025-2.8,37,2025-08-20T21:41:33.501967Z,28,72,no
452,45866ccd-e1b9-4433-b336-49de59456cc5,KXACPI-2025-2.8,100,2025-08-20T14:58:39.434443Z,29,71,yes
453,f7dc6af4-597c-4383-9958-8acf6a16f3ad,KXACPI-2025-2.8,85,2025-08-19T03:10:16.177738Z,28,72,yes
454,55c8ebf8-d533-46c8-8718-c3253e45453a,KXACPI-2025-2.8,180,2025-08-18T17:25:30.499597Z,28,72,yes
455,6057e105-115a-4ca1-88a4-1f2dcb4a78af,KXACPI-2025-2.8,18,2025-08-15T00:32:09.981411Z,28,72,yes
456,101cfa05-f9c5-4793-843f-35f68f8a6cb1,KXACPI-2025-2.8,170,2025-08-13T18:18:44.480638Z,28,72,yes
457,5664984e-0d8f-48c4-b049-e77c72ba0936,KXACPI-2025-2.8,85,2025-08-13T14:23:47.226879Z,28,72,yes
458,93e3f784-50aa-494e-afdf-06be83785396,KXACPI-2025-2.8,720,2025-08-13T03:26:23.440474Z,26,74,yes
459,7fc2d753-b844-4d04-869b-e0315b11d272,KXACPI-2025-2.8,7,2025-08-13T02:43:28.269695Z,26,74,yes
460,a0bd0594-d4b2-4b79-9910-8b77a4d8ded9,KXACPI-2025-2.8,5,2025-08-12T14:14:49.189915Z,27,73,yes
461,8a744dc1-3cbb-4a91-b631-192554ab4666,KXACPI-2025-2.8,5,2025-08-12T14:14:49.189915Z,26,74,yes
462,7d2b945e-c04c-49aa-bfdc-1845a082fc35,KXACPI-2025-2.8,25,2025-08-12T14:14:49.189915Z,27,73,yes
463,38dc44a4-5811-40f2-a423-52101749dc9e,KXACPI-2025-2.8,18,2025-08-06T23:09:29.893799Z,22,78,no
464,477c77d6-01c8-47ba-a4ba-f218fce50ae6,KXACPI-2025-2.8,36,2025-08-05T22:21:00.789153Z,26,74,yes
465,c5a27165-0bd9-47f9-aa49-d233ed6b009a,KXACPI-2025-2.8,21,2025-07-31T19:26:36.60729Z,22,78,no
466,ac3039cd-fa54-412f-b12b-52386d3b0bb2,KXACPI-2025-2.8,3,2025-07-31T14:15:22.39096Z,26,74,yes
467,348f2dad-561a-44da-b406-6813a75c7217,KXACPI-2025-2.8,37,2025-07-31T04:29:55.530807Z,26,74,yes
468,b24a15d1-995b-478c-9b23-a6a4bdbfd894,KXACPI-2025-2.8,18,2025-07-30T19:01:38.549323Z,26,74,yes
469,499b83a1-eb92-4811-8e28-474564a49c9b,KXACPI-2025-2.8,53,2025-07-30T01:53:14.700277Z,22,78,no
470,0e8ff87b-5270-42be-939d-868169f88005,KXACPI-2025-2.8,215,2025-07-20T19:28:03.375235Z,22,78,yes
471,7ec71626-5b0b-43b8-b9fc-24143b9ef512,KXACPI-2025-2.8,21,2025-07-16T04:09:34.035978Z,22,78,yes
472,13503d22-0283-44a1-839c-6bac206c21e9,KXACPI-2025-2.8,4,2025-07-15T15:51:53.279099Z,22,78,yes
473,69d31943-c80f-4a78-a60c-ac3159ffd889,KXACPI-2025-2.8,215,2025-07-13T23:15:33.373215Z,22,78,yes
474,f5aedc41-8064-4581-aa8b-1f6068dca365,KXACPI-2025-2.8,8,2025-07-11T21:26:34.288874Z,22,78,yes
475,fc8bd5d0-63f8-4f2b-b5c9-c6f7efcd92fd,KXACPI-2025-2.8,125,2025-07-10T18:36:39.827429Z,19,81,no
476,eacd1546-e4fc-4d9e-8124-e8c02e42d7e7,KXACPI-2025-2.8,21,2025-07-03T21:20:54.450633Z,14,86,no
477,a8bde18e-e61a-4435-bc9f-35f24541e57c,KXACPI-2025-2.8,9,2025-07-01T21:03:47.020158Z,21,79,yes
478,d67f138f-0425-48cf-a5b3-9f61d7f42a42,KXACPI-2025-2.8,1,2025-07-01T15:11:34.13537Z,14,86,no
479,ef374344-2c66-486b-a3f9-d2ef75681491,KXACPI-2025-2.8,20,2025-07-01T00:23:04.11621Z,21,79,yes
480,d984d7bc-9458-4e06-a9bc-abc43eaf29f0,KXACPI-2025-2.8,2,2025-07-01T00:23:04.11621Z,22,78,yes
481,e5940f49-eb41-4a7a-bf81-71eefa615fdc,KXACPI-2025-2.8,4,2025-06-27T15:33:36.917968Z,21,79,yes
482,a8d7dc29-ff7f-4f7f-8e44-747ca38372b4,KXACPI-2025-2.8,76,2025-06-24T18:03:13.279776Z,22,78,yes
483,94ef566f-a8ec-44d3-a216-fae2fb7a198a,KXACPI-2025-2.8,10,2025-06-24T18:03:13.279776Z,21,79,yes
484,c521b40a-6fcd-4820-a2d3-41301da53fb2,KXACPI-2025-2.8,11,2025-06-24T15:26:29.087485Z,22,78,yes
485,3cec2337-2a0f-409a-ac63-36f8406ea734,KXACPI-2025-2.8,10,2025-06-24T15:26:29.087485Z,21,79,yes
486,2f0b2c62-1c5d-4f65-8232-f3989b282df2,KXACPI-2025-2.8,4,2025-06-22T18:37:01.992078Z,15,85,no
487,74524729-d0fc-4fe3-b68d-58a5dc3989a1,KXACPI-2025-2.8,13,2025-06-16T23:18:10.274655Z,18,82,no
488,6a5064e7-0c51-407c-96b7-1eb63e34e7c7,KXACPI-2025-2.8,16,2025-06-16T23:18:10.274655Z,14,86,no
489,cd9aa676-0687-4b46-b2f3-4abf0d40e6c0,KXACPI-2025-2.8,112,2025-06-12T22:37:42.949486Z,19,81,yes
490,bc441644-1406-46d6-ab81-48b096cd3571,KXACPI-2025-2.8,49,2025-06-12T20:26:30.309971Z,19,81,yes
491,ee173e14-a0d2-4d37-8f5d-3de0306de565,KXACPI-2025-2.8,10,2025-06-11T14:26:11.026916Z,19,81,yes
492,72597f45-26b4-4cc8-b5cf-72fd4706cf03,KXACPI-2025-2.8,139,2025-06-11T14:26:11.026916Z,19,81,yes
493,b513340e-436a-4d9f-a431-1f0caa14dc11,KXACPI-2025-2.8,4,2025-06-11T05:34:59.466478Z,19,81,yes
494,27ac2616-6da5-4bd3-810d-6fb79c16a203,KXACPI-2025-2.8,4,2025-06-05T02:16:17.213134Z,19,81,yes
495,3898beec-be8f-4a27-af9b-0a9d5b929992,KXACPI-2025-2.8,7,2025-05-23T20:07:29.218311Z,18,82,yes
496,15bc513f-097b-41a9-b58d-6b5b09aff716,KXACPI-2025-2.8,30,2025-05-23T20:07:29.218311Z,18,82,yes
497,d42e60c2-f936-4b2e-8533-c105f30aed94,KXACPI-2025-2.8,6,2025-05-23T15:52:56.252909Z,14,86,no
498,98328b98-7100-43b6-a350-1147d84ff45e,KXACPI-2025-2.8,4,2025-05-23T15:52:56.252909Z,13,87,no
499,15aa26ed-4015-4693-84fa-b09f84d7041a,KXACPI-2025-2.8,225,2025-05-23T15:52:56.252909Z,13,87,no
500,006de0d3-7173-4a68-9a91-aff6ef7d5823,KXACPI-2025-2.8,30,2025-05-23T15:52:56.252909Z,14,86,no
501,62b4397e-694a-4a36-ba3b-546ab5091885,KXACPI-2025-2.8,52,2025-05-23T15:40:42.235067Z,17,83,yes
502,4dcfd9d4-2687-4f98-873b-85cb12d073a8,KXACPI-2025-2.8,4,2025-05-23T15:40:42.235067Z,17,83,yes
503,44478c49-7268-464b-926f-fbe354d662ef,KXACPI-2025-2.8,209,2025-05-23T15:40:42.235067Z,18,82,yes
504,3ee520fd-1ab1-4250-91e0-e397105537bc,KXACPI-2025-2.8,1,2025-05-15T18:27:08.254565Z,17,83,yes
505,70078767-81bf-4cb2-a818-013beaca85e0,KXACPI-2025-2.8,55,2025-05-03T15:45:27.325638Z,17,83,yes
506,611c67d9-6727-475a-b37c-27a1d82ad755,KXACPI-2025-2.8,86,2025-05-02T13:54:42.092222Z,13,87,no
507,46f5505e-f6fe-4a0d-ae63-de2570ee3ff4,KXACPI-2025-2.8,1,2025-04-24T20:06:41.41299Z,17,83,yes
508,332ddef0-232c-4df3-a38c-dc596d278820,KXACPI-2025-2.8,5,2025-04-20T21:07:30.980508Z,17,83,yes
509,92042824-900c-4b62-9c08-17b043f3f541,KXACPI-2025-2.8,110,2025-04-18T18:44:10.519791Z,13,87,no
510,40387eb1-eb19-4725-8a09-e952be5a1f59,KXACPI-2025-2.8,1,2025-04-18T01:04:27.423311Z,15,85,no
511,38de0cf9-8c6b-4bbb-99c0-607f2909f362,KXACPI-2025-2.8,3,2025-04-10T13:19:14.269352Z,17,83,yes
512,4cdd6fd8-47ee-4976-9deb-b795bfec45c6,KXACPI-2025-2.8,138,2025-04-10T02:46:50.138166Z,17,83,yes
513,45735cb5-c705-4145-9908-a92edc59d99c,KXACPI-2025-2.8,1,2025-04-09T01:26:51.37027Z,17,83,yes
514,33c26284-38df-4bca-b4c4-13cfd32826a0,KXACPI-2025-2.8,240,2025-04-05T02:43:30.055675Z,16,84,yes
515,15b12ae7-b361-4d4d-9b03-24c9c88a9d7c,KXACPI-2025-2.8,28,2025-04-04T19:52:39.512281Z,16,84,yes
516,1733c222-c038-4ac3-9366-a0d89c1a721b,KXACPI-2025-2.8,22,2025-04-04T04:37:21.742897Z,16,84,yes
517,e2696575-4d5a-4ad1-b94e-1b212cbd40a9,KXACPI-2025-2.8,10,2025-04-03T19:52:23.706743Z,16,84,yes
518,690ec1d3-d6d2-42d3-b2e3-d71ad372483d,KXACPI-2025-2.8,22,2025-03-31T16:09:27.16325Z,20,80,yes
519,8d9c73bf-6eb4-453c-b3a6-c00f593a42e4,KXACPI-2025-2.8,22,2025-03-31T16:07:41.474905Z,20,80,yes
520,5935fe6f-1451-47f7-9a7a-edf93db6b30b,KXACPI-2025-2.8,4,2025-03-31T05:17:18.545623Z,20,80,yes
521,b760bdff-defc-4df9-9fde-516447402e76,KXACPI-2025-2.8,150,2025-03-30T03:51:07.720243Z,18,82,no
522,60ee23b2-a249-4739-87d8-6f9b7e3cf942,KXACPI-2025-2.8,450,2025-03-29T03:25:07.023755Z,18,82,no
523,b39aee82-3529-487a-887e-1f32083a58ce,KXACPI-2025-2.8,498,2025-03-28T13:13:42.648676Z,18,82,no
524,611fd416-6786-427f-aac0-dbb0a0600632,KXACPI-2025-2.8,6,2025-03-28T03:42:44.301053Z,18,82,no
525,13d4201b-6f50-462a-86f5-b08d17539bde,KXACPI-2025-2.8,96,2025-03-28T03:42:30.703648Z,18,82,no
526,bfdbf55f-e3d3-4534-876f-50d5c0c98665,KXACPI-2025-2.8,25,2025-03-28T03:39:54.753055Z,19,81,no
527,a91fd25b-e6d4-4f81-ad79-636a04c96b2c,KXACPI-2025-2.8,475,2025-03-28T03:39:54.753055Z,18,82,no
528,83b5f486-553e-4c6f-8f32-34730214418e,KXACPI-2025-2.8,100,2025-03-28T03:39:54.753055Z,18,82,no
529,608514f5-0bbc-4992-9458-125c62976aa3,KXACPI-2025-2.8,4,2025-03-20T03:22:17.225144Z,21,79,yes
530,48c075e4-ac9d-4db9-b8a8-037cc1d8056e,KXACPI-2025-2.8,1673,2025-03-20T03:22:17.225144Z,21,79,yes
531,f31b818d-f14f-4759-83ff-bc7015c07d9c,KXACPI-2025-2.8,13,2025-03-18T00:49:46.249978Z,21,79,yes
532,7ad9f70a-ea1a-4e1a-ba6b-48373938f18f,KXACPI-2025-2.8,403,2025-03-06T15:10:24.082Z,21,79,yes
533,65cad148-411c-410a-94db-6ebb85ef43b3,KXACPI-2025-2.8,18,2025-03-06T15:10:24.082Z,21,79,yes
534,513124ac-ff56-4093-bcc2-3a71a20a16ec,KXACPI-2025-2.8,79,2025-03-06T15:10:24.082Z,21,79,yes
535,b8d25a57-694f-48af-8838-28db05850187,KXACPI-2025-2.8,98,2025-03-05T06:43:44.464619Z,20,80,yes
536,4a9cd480-8cbc-4ec8-962c-b78ea15add9c,KXACPI-2025-2.8,1,2025-02-28T04:59:05.930121Z,20,80,yes
537,53613216-65e3-4d4e-abe5-099b54f3c880,KXACPI-2025-2.8,1,2025-02-28T00:24:21.480924Z,20,80,yes
538,8f5d6b32-75f7-4c89-a010-9ccf0b12bbe5,KXACPI-2025-2.8,193,2025-02-22T16:05:59.249289Z,20,80,yes
539,a2953416-aadb-449a-a3b5-08ee9bb78b2c,KXACPI-2025-2.8,9,2025-02-21T19:13:04.025735Z,20,80,no
540,aded0c38-7426-4909-af6e-64324a9a295b,KXACPI-2025-2.8,5,2025-02-16T06:55:04.22436Z,21,79,yes
541,7814a8e2-5228-40c3-a3c0-dccbb581df8f,KXACPI-2025-2.8,40,2025-02-16T06:55:04.22436Z,21,79,yes
542,fb1247bc-c9b2-4292-86ae-4a75dc0ac0a0,KXACPI-2025-2.8,9,2025-02-15T15:26:57.118224Z,21,79,yes
543,9fd26948-d5a8-48b4-8cee-9b814b931f12,KXACPI-2025-2.8,20,2025-02-12T23:12:16.372631Z,20,80,yes
544,7d56c3ca-93b6-4e54-8383-332c018c54e1,KXACPI-2025-2.8,20,2025-02-12T23:12:16.372631Z,20,80,yes
545,513ce0d8-33b1-40c6-a0f2-5f827421d68d,KXACPI-2025-2.8,110,2025-02-12T23:12:16.372631Z,21,79,yes
546,8d05431f-e0f7-4d08-83ef-dfd6e3c0dd96,KXACPI-2025-2.8,30,2025-02-10T20:48:42.836319Z,21,79,yes
547,51df8809-ebe7-46fd-aa49-b12ffa862387,KXACPI-2025-2.8,15,2025-02-10T20:48:42.836319Z,20,80,yes
548,304110e0-7149-4573-b48f-951a049b45ed,KXACPI-2025-2.8,20,2025-02-10T06:25:03.908462Z,21,79,yes
549,e80c7cbc-25cf-4d1e-8c46-e67e6abbc05e,KXACPI-2025-2.8,8,2025-02-08T04:20:28.850683Z,21,79,yes
550,61daf86c-a90d-48a0-9b0e-3678229e9af1,KXACPI-2025-2.8,25,2025-02-08T04:20:28.850683Z,20,80,yes
551,f37f3dab-a53e-4e13-8feb-402511b60fb7,KXACPI-2025-2.8,92,2025-02-06T20:34:45.182304Z,18,82,no
552,ae789114-58c7-4836-b45b-d3bb605d0980,KXACPI-2025-2.8,98,2025-02-06T20:34:45.182304Z,17,83,no
553,1760fb83-78c6-41a2-b44e-c68d890bb04e,KXACPI-2025-2.8,25,2025-02-06T20:34:45.182304Z,19,81,no
554,8d8e2a79-7855-4ea0-9fd9-977c9a1eb911,KXACPI-2025-2.8,200,2025-02-05T03:26:22.638362Z,21,79,yes
555,bba160a9-dd17-4788-bed1-dd41cd30f976,KXACPI-2025-2.8,100,2025-02-04T04:01:36.746872Z,21,79,yes
556,232d2f87-7189-4899-94e2-edce88e26c71,KXACPI-2025-2.8,8,2025-02-02T16:34:24.387166Z,20,80,no
557,21e0a43b-f547-4849-8222-944fdf6cc1ee,KXACPI-2025-2.8,540,2025-02-01T18:53:01.574999Z,23,77,yes
558,f9dc3b96-df77-48e6-93ed-3f11346baa40,KXACPI-2025-2.8,1,2025-01-31T03:42:03.218233Z,23,77,yes
559,fa96db01-3bd2-493e-9a07-ab5ea7034f6d,KXACPI-2025-2.8,20,2025-01-28T16:06:08.62527Z,23,77,yes
560,01dba65e-5161-490f-92e0-abfd7df9f2e0,KXACPI-2025-2.8,8,2025-01-28T05:13:22.693881Z,23,77,yes
561,e1da745e-fc7d-4fae-a381-2d4c081ef94d,KXACPI-2025-2.8,247,2025-01-28T02:49:36.215853Z,22,78,no
562,a7f95452-76cf-472b-8c45-bf2affa32055,KXACPI-2025-2.8,535,2025-01-28T02:49:11.766294Z,22,78,yes
563,196e4635-d9bf-4408-9793-79edaafa95cd,KXACPI-2025-2.8,178,2025-01-28T02:49:11.766294Z,22,78,yes
564,fe20e91e-bcb1-4b92-a904-e792cc95fd9c,KXACPI-2025-2.8,84,2025-01-26T23:28:54.535408Z,22,78,yes
565,6fccee8c-e38b-434e-b920-996700056055,KXACPI-2025-2.8,1,2025-01-26T23:28:54.535408Z,22,78,yes
566,2d50d24d-2ebb-467b-a0ab-5ede9f4b43b7,KXACPI-2025-2.8,1,2025-01-26T23:28:54.535408Z,22,78,yes
567,465c219c-1bce-46d7-b86c-af6be8aad957,KXACPI-2025-2.8,7,2025-01-22T20:34:29.849556Z,22,78,yes
568,a2ce4379-30b1-42ff-aec2-35250ac11dd0,KXACPI-2025-2.8,17,2025-01-21T22:55:25.377241Z,22,78,yes
569,e7605ec5-d6bd-4963-afce-d84e69f21cf5,KXACPI-2025-2.8,10,2025-01-21T04:56:33.459559Z,22,78,yes
570,c8f198b4-32c2-4503-a52c-63d0b87f4201,KXACPI-2025-2.8,110,2025-01-21T04:56:33.178409Z,22,78,yes
571,2a89c4f7-d63a-4cca-985c-5f2d423472b4,KXACPI-2025-2.8,20,2025-01-21T01:42:22.330051Z,22,78,yes
572,e093152a-4156-4c6a-95df-8e71997f834f,KXACPI-2025-2.8,8,2025-01-20T21:14:02.839276Z,22,78,yes
573,d4f04de6-7b16-4538-ab96-0434c2e6cbad,KXACPI-2025-2.8,65,2025-01-19T13:45:14.900115Z,20,80,no
574,7e32b23b-8aa9-4c95-9c1e-61e10f6bc7d8,KXACPI-2025-2.8,42,2025-01-19T13:45:14.900115Z,20,80,no
575,e39841b8-670b-423a-ba26-52b7afe681cf,KXACPI-2025-2.8,107,2025-01-19T04:36:15.122068Z,22,78,yes
576,592f6505-8ac5-4050-9443-385caab27bd8,KXACPI-2025-2.8,10,2025-01-18T17:49:43.12016Z,22,78,yes
577,f9d5af26-6cc7-41ba-8043-decd1413ee97,KXACPI-2025-2.8,10,2025-01-15T07:16:45.576104Z,22,78,yes
578,97ee663a-4d5a-4883-abcc-17ec0ed9b3aa,KXACPI-2025-2.8,58,2025-01-15T02:02:54.28896Z,20,80,no
579,3cef653e-79d5-42a3-bf97-1cc744b7e7e4,KXACPI-2025-2.8,100,2025-01-14T21:51:46.024706Z,20,80,no
580,1a772cfb-6a1f-402b-8a1c-96d685cb05ff,KXACPI-2025-2.8,57,2025-01-14T21:51:46.024706Z,19,81,no
581,81a6e6d0-f5fe-4ff7-a49f-700a71b75d9b,KXACPI-2025-2.8,256,2025-01-14T21:32:12.924508Z,22,78,yes
582,3075ad23-85ea-4ce2-b415-1c49187b288c,KXACPI-2025-2.8,200,2025-01-14T20:42:57.373991Z,22,78,yes
583,9571fa9c-acc4-4ac7-8c54-2e558b53bec0,KXACPI-2025-2.8,107,2025-01-14T04:33:23.249887Z,22,78,yes
584,fa161fbe-5bf8-4bcc-a606-3febc077dde7,KXACPI-2025-2.8,215,2025-01-13T21:12:56.060192Z,22,78,yes
585,d9eee99c-03a5-47ff-9ad7-6c31d215fc76,KXACPI-2025-2.8,86,2025-01-12T03:20:49.508937Z,22,78,yes
586,4b343b0b-1b3b-411a-9a8e-46775e0172d8,KXACPI-2025-2.8,58,2025-01-10T20:31:46.767608Z,22,78,yes
587,c3b01ab7-e12d-47d2-a498-26bb6ff5af8b,KXACPI-2025-2.8,200,2025-01-08T14:39:03.038896Z,22,78,no
588,0f6efe17-1715-425f-9d41-c264e8397ba3,KXACPI-2025-2.8,33,2024-12-31T15:45:30.429927Z,28,72,no
589,e9b0ffed-f54a-43fc-ab86-f6eb69a7379a,KXACPI-2025-2.8,6,2024-12-30T06:25:10.620777Z,30,70,yes
590,b769e6eb-7b48-4cc4-be14-6b9755ad8607,KXACPI-2025-2.8,27,2024-12-29T22:43:17.458632Z,31,69,yes
591,b5c6fd59-3141-4ed4-99ef-7c726110ffa9,KXACPI-2025-2.8,130,2024-12-29T22:43:17.458632Z,30,70,yes
592,b9dfc7f1-3359-4a0f-a79c-0442a8cda2f7,KXACPI-2025-2.8,15,2024-12-27T20:55:44.032346Z,30,70,yes
593,8522f89f-3175-4fab-923b-7beac53e08b2,KXACPI-2025-2.8,120,2024-12-27T20:55:44.032346Z,30,70,yes
594,81f4c0be-cf30-4f70-89cc-81a7e37cede9,KXACPI-2025-2.8,85,2024-12-27T20:55:44.032346Z,30,70,yes
595,0f22c51c-066f-4a0d-b791-1b5a4a47769d,KXACPI-2025-2.8,100,2024-12-27T20:55:44.032346Z,29,71,yes
596,ad7d1662-2996-48c4-a66f-751085e139d6,KXACPI-2025-2.8,15,2024-12-23T04:16:04.288745Z,30,70,yes
597,8af72930-c1ac-4c40-b6f9-4bd6cf070bc0,KXACPI-2025-2.3,2,2025-09-02T03:43:00.051011Z,10,90,no
598,02bf3be3-c344-42f9-8727-dd7ad4d19888,KXACPI-2025-2.3,420,2025-08-30T23:56:05.401885Z,10,90,no
599,a377239e-3f49-4f50-952e-0b2a63caa05c,KXACPI-2025-2.3,300,2025-08-30T23:52:30.68672Z,14,86,no
600,56238a4d-ae56-4a07-95a9-655628523f62,KXACPI-2025-2.3,90,2025-08-25T17:28:09.551236Z,16,84,yes
601,c574588e-fde2-40ba-80af-cbe5b573a1b4,KXACPI-2025-2.3,89,2025-08-19T16:57:21.727282Z,18,82,no
602,066a7f94-d22a-4661-b797-a6afdf8be5b3,KXACPI-2025-2.3,90,2025-08-18T17:26:54.343111Z,20,80,yes
603,160418a2-95af-4a17-bdbc-de90e93de973,KXACPI-2025-2.3,1,2025-08-17T21:28:36.016109Z,18,82,no
604,6ac45423-b609-4967-b664-db1d51021be8,KXACPI-2025-2.3,360,2025-08-13T03:26:43.789544Z,20,80,yes
605,c2ccc845-d9c0-4521-9663-de814bf9295f,KXACPI-2025-2.3,90,2025-08-13T02:58:30.933452Z,18,82,no
606,50fa3f0a-5d38-4895-889e-45923ba9343b,KXACPI-2025-2.3,99,2025-08-13T02:58:30.933452Z,17,83,no
607,4c554175-85a0-46f6-9686-4e1f470c75ae,KXACPI-2025-2.3,17,2025-08-12T11:50:54.553351Z,16,84,no
608,491e967d-53fb-427a-9750-f8d0aa3f5f8c,KXACPI-2025-2.3,225,2025-08-12T01:29:50.198223Z,21,79,yes
609,3a670999-274d-4eb7-b185-9d22ca20c8f8,KXACPI-2025-2.3,189,2025-08-11T02:33:43.535812Z,20,80,yes
610,0d9efae1-593c-4616-98e8-fa8cc17c163c,KXACPI-2025-2.3,28,2025-08-09T13:04:14.092758Z,20,80,yes
611,c7603121-7a89-4512-8b49-115cc420dc65,KXACPI-2025-2.3,500,2025-08-07T03:53:43.28727Z,17,83,no
612,5b7498e1-4a38-472d-a9f6-ea18346702fd,KXACPI-2025-2.3,1709,2025-08-07T03:53:43.28727Z,17,83,no
613,281007d3-1ac1-497f-ad42-9df3303ea3e4,KXACPI-2025-2.3,38,2025-07-16T00:28:19.2349Z,14,86,no
614,85f93351-f11b-488a-a6b9-fe95b23fe0d9,KXACPI-2025-2.3,1250,2025-07-10T18:36:50.167408Z,17,83,yes
615,38af361c-a709-4504-9a8b-760cb7bb86f7,KXACPI-2025-2.3,13,2025-07-04T15:06:55.865229Z,13,87,no
616,e0c42ebf-ae5f-4a79-9487-c1ebdf151690,KXACPI-2025-2.3,1,2025-07-03T22:32:49.794348Z,12,88,yes
617,2f09c518-b857-4394-b454-f5f31bc41a1a,KXACPI-2025-2.3,257,2025-07-03T22:32:49.794348Z,13,87,yes
618,0f2549fb-d788-43c2-96e1-cbb2273dd0a3,KXACPI-2025-2.3,1,2025-07-01T06:36:40.469261Z,8,92,no
619,dbfe2b43-08ec-4797-9581-28c8d4feb67c,KXACPI-2025-2.3,33,2025-06-30T20:47:15.921132Z,8,92,no
620,d56a6321-05a3-442e-9fb7-122eefbd7646,KXACPI-2025-2.3,20,2025-06-30T20:47:15.921132Z,7,93,no
621,cb33a231-5bb2-48ed-b78c-07737d83c1c0,KXACPI-2025-2.3,167,2025-06-30T20:47:15.921132Z,6,94,no
622,0f64720b-53c7-4142-b8b0-6bb750dbbd1b,KXACPI-2025-2.3,411,2025-06-30T20:47:15.921132Z,8,92,no
623,b18869df-2d32-44bc-b199-f2b6f07885f2,KXACPI-2025-2.3,43,2025-06-20T02:10:06.633615Z,13,87,yes
624,3645d3ce-9ef0-4c73-9df9-debfd3f8e928,KXACPI-2025-2.3,7,2025-06-20T02:10:06.633615Z,12,88,yes
625,e4b941c6-919e-4b5e-a7b2-120bbb427794,KXACPI-2025-2.3,423,2025-06-11T14:25:50.584265Z,8,92,no
626,3923ad63-b275-407d-8f40-31d0d92a0853,KXACPI-2025-2.3,4,2025-06-11T14:25:50.584265Z,9,91,no
627,cebe9b72-a7e5-423a-b0b5-e3dfce152716,KXACPI-2025-2.3,100,2025-06-10T23:31:23.381373Z,14,86,yes
628,91c97398-c676-40f0-9424-3a16679554a2,KXACPI-2025-2.3,243,2025-06-10T23:31:23.381373Z,15,85,yes
629,583428e7-5b80-41dd-90d8-df333b23cfbd,KXACPI-2025-2.3,124,2025-06-10T23:31:23.381373Z,15,85,yes
630,4aba4348-fa88-47dd-9837-fd501cd9089d,KXACPI-2025-2.3,34,2025-06-10T23:31:23.381373Z,15,85,yes
631,17465edc-773f-4f3e-87f2-311468d12a10,KXACPI-2025-2.3,130,2025-06-10T23:31:23.381373Z,14,86,yes
632,3c925c9f-d3e3-444a-8344-17ea2078c3bf,KXACPI-2025-2.3,73,2025-06-07T12:01:40.550084Z,11,89,yes
633,86ff481a-f08b-49d3-9d28-105ea3bae389,KXACPI-2025-2.3,427,2025-05-23T15:40:16.512315Z,11,89,yes
634,d9e7cf08-cf61-43f8-b6c7-b6fd8acacb56,KXACPI-2025-2.3,527,2025-05-23T13:52:31.545838Z,8,92,no
635,af17d78b-8e23-4517-b1b3-7bb791bd5843,KXACPI-2025-2.3,562,2025-05-23T13:52:31.545838Z,10,90,no
636,0de2397f-b0e0-4272-86f7-869200b979b8,KXACPI-2025-2.3,3,2025-05-23T13:52:31.545838Z,10,90,no
637,c330e0c6-0983-47a5-86c2-e2ba5e3f7dfe,KXACPI-2025-2.3,5,2025-05-23T13:51:52.244916Z,11,89,no
638,b836c98c-6bc5-42c4-b7cc-f48030562ffc,KXACPI-2025-2.3,100,2025-05-23T13:51:52.244916Z,10,90,no
639,a9e66497-f6ea-4d9d-8925-ec178c7842b4,KXACPI-2025-2.3,4,2025-05-23T13:51:52.244916Z,10,90,no
640,7883301d-248d-443f-9035-c424b82e1d84,KXACPI-2025-2.3,436,2025-05-23T13:51:52.244916Z,9,91,no
641,4cd279d8-256a-4eac-b0d2-dae8863872b2,KXACPI-2025-2.3,2,2025-05-23T13:51:52.244916Z,11,89,no
642,8f4f5193-f04c-4576-8640-92f0082f8f82,KXACPI-2025-2.3,50,2025-05-14T19:10:27.226085Z,10,90,no
643,55b20f6f-29fc-4a17-a9a4-41c21aa40d8f,KXACPI-2025-2.3,13,2025-05-12T20:54:38.603905Z,14,86,yes
644,e50b1959-10e8-4323-ace9-d241745a8dd9,KXACPI-2025-2.3,8,2025-05-02T15:44:51.987891Z,13,87,yes
645,d48e98e4-8472-4b88-af29-34ac596a25a5,KXACPI-2025-2.3,5,2025-05-02T15:44:51.987891Z,12,88,yes
646,52e95741-74da-4542-b973-b7f760a4dd3d,KXACPI-2025-2.3,5,2025-05-02T15:44:51.987891Z,13,87,yes
647,4c569969-06a3-45ec-afb8-c16460958088,KXACPI-2025-2.3,4,2025-05-02T15:44:51.987891Z,12,88,yes
648,48de95ad-91bf-4717-90f0-0edcb5474e75,KXACPI-2025-2.3,52,2025-05-02T15:44:51.987891Z,14,86,yes
649,1dd832a3-fa28-4c1a-bf4f-d138027839c4,KXACPI-2025-2.3,1,2025-04-24T20:06:28.568808Z,12,88,yes
650,db383a06-f8ce-4663-8e4f-afd904f89f14,KXACPI-2025-2.3,5,2025-04-19T15:53:02.820962Z,11,89,yes
651,92d6fcf2-4e70-4eff-81a2-6a8cdf1ca7ba,KXACPI-2025-2.3,1,2025-04-18T01:04:20.95371Z,10,90,no
652,9868d16e-66cd-453a-8233-1f319595cbb7,KXACPI-2025-2.3,2,2025-04-10T19:27:50.033827Z,13,87,yes
653,3b225612-617a-424d-94ca-b555a7878f0f,KXACPI-2025-2.3,4,2025-04-10T19:27:50.033827Z,14,86,yes
654,cb1047a5-e05c-473f-848e-509af96c44af,KXACPI-2025-2.3,3,2025-04-10T13:18:15.178351Z,13,87,yes
655,50c2f1d9-c820-4791-b8af-19ce82e9dfe1,KXACPI-2025-2.3,1,2025-04-09T01:26:41.174826Z,14,86,yes
656,c51c0e92-59a6-472a-ac75-6e7f5af0bb94,KXACPI-2025-2.3,25,2025-04-04T04:37:29.287658Z,12,88,yes
657,a006b211-5d20-42f7-8a13-f7855d61a61a,KXACPI-2025-2.3,581,2025-04-03T14:18:36.397788Z,12,88,no
658,81812816-5cd8-427c-8a52-9dacb4672d03,KXACPI-2025-2.3,54,2025-04-02T21:17:21.570438Z,14,86,no
659,7565cb97-eb18-4faf-be3c-ae93162d70f5,KXACPI-2025-2.3,271,2025-04-02T21:17:21.570438Z,13,87,no
660,458d48a4-6e60-4694-a077-941844ecee53,KXACPI-2025-2.3,5,2025-04-02T21:17:21.570438Z,14,86,no
661,ad9bb7ab-36e3-4dfb-b6dc-678d0099be12,KXACPI-2025-2.3,1,2025-04-02T18:40:48.572203Z,15,85,yes
662,e646e57c-416b-4019-ab80-5abd24b380df,KXACPI-2025-2.3,500,2025-03-31T21:32:54.643206Z,14,86,no
663,862f2a41-dc38-4d6e-bf8d-91e329791657,KXACPI-2025-2.3,200,2025-03-31T21:20:42.91045Z,14,86,no
664,0b6a4440-2dce-4b53-8e29-c8c557c93b86,KXACPI-2025-2.3,31,2025-03-31T16:22:12.154282Z,15,85,yes
665,a0b4d295-8788-42a5-8634-e19ecaf8434a,KXACPI-2025-2.3,500,2025-03-28T13:53:19.711073Z,14,86,no
666,05855e8b-a0e3-4cb6-9480-4269ccebff73,KXACPI-2025-2.3,25,2025-03-28T13:49:34.756949Z,15,85,no
667,8dabc288-82dc-41de-833b-56c39b80457d,KXACPI-2025-2.3,374,2025-03-16T20:21:41.937742Z,15,85,yes
668,8ce328e4-1dae-41ee-ba31-343fcc52e7ac,KXACPI-2025-2.3,75,2025-03-11T20:32:02.512798Z,15,85,no
669,2c68b2c2-3edf-418b-9e0c-eeb1ab6e527a,KXACPI-2025-2.3,1,2025-03-10T05:39:50.949554Z,17,83,no
670,9fcc1a7b-0f1b-4d67-aa8d-c52892b148e8,KXACPI-2025-2.3,1,2025-02-28T04:58:50.875761Z,18,82,yes
671,52e8e49a-2dfa-4a20-848c-d74eaa6337e5,KXACPI-2025-2.3,5,2025-02-28T02:07:30.234124Z,18,82,yes
672,345a7852-196e-4ae9-ab77-65285861be19,KXACPI-2025-2.3,2,2025-02-22T20:57:51.333007Z,16,84,no
673,c09d920a-a21e-4d3c-b7e8-af4892723d3c,KXACPI-2025-2.3,12,2025-02-22T16:06:41.296742Z,17,83,yes
674,6319cb96-dc6d-4e42-b2ec-55a8853f97e5,KXACPI-2025-2.3,3,2025-02-22T16:06:41.296742Z,17,83,yes
675,5e9e9c37-3936-4c41-9731-73fd1d70d77c,KXACPI-2025-2.3,39,2025-02-22T16:06:41.296742Z,17,83,yes
676,01926ec3-95fc-4d63-b09b-d04c99124fb5,KXACPI-2025-2.3,5,2025-02-19T02:10:50.490674Z,18,82,yes
677,d413e6bd-af55-49fe-a324-fcd99373743c,KXACPI-2025-2.3,1,2025-02-12T13:42:37.891675Z,15,85,no
678,b15e337b-a193-48f9-ab80-2a27bb9df454,KXACPI-2025-2.3,49,2025-02-11T17:58:22.692916Z,15,85,no
679,a427be1b-df6a-4aa4-bb5e-975d8136f217,KXACPI-2025-2.3,101,2025-02-11T17:58:22.692916Z,15,85,no
680,50c70140-0121-4b1b-9f93-dda41a22e813,KXACPI-2025-2.3,300,2025-02-11T17:58:22.692916Z,15,85,no
681,7b4910d8-402e-4890-a5a8-1eed15528b50,KXACPI-2025-2.3,5,2025-02-10T00:08:37.668744Z,15,85,no
682,34a4f0a6-5524-4b9a-b774-0c87fda65864,KXACPI-2025-2.3,100,2025-02-05T03:26:28.895212Z,18,82,yes
683,c172b313-2f9b-49fa-9ca6-3e928c6936a1,KXACPI-2025-2.3,50,2025-02-04T04:01:45.901428Z,18,82,yes
684,1f7b0a00-3082-4521-9203-9002736a0407,KXACPI-2025-2.3,750,2025-02-03T03:21:26.252604Z,17,83,no
685,18a798e4-7843-4b43-9dec-d29c3c2174ca,KXACPI-2025-2.3,26,2025-02-02T17:55:03.507361Z,18,82,yes
686,e25bb7ce-4b0f-4632-9e22-8ba7083b96e9,KXACPI-2025-2.3,88,2025-02-01T18:53:18.997989Z,19,81,yes
687,9bc0c77d-2506-4a6f-bd68-52d3ae6d61e9,KXACPI-2025-2.3,195,2025-02-01T18:53:18.997989Z,19,81,yes
688,91ecb6a0-0ebc-4a6c-afe1-dd358bc80dbe,KXACPI-2025-2.3,1,2025-02-01T18:53:18.997989Z,19,81,yes
689,125987f1-6a5b-4c6a-8a01-553a2e69d83b,KXACPI-2025-2.3,5,2025-02-01T18:53:18.997989Z,19,81,yes
690,067279f4-5eb4-4762-ab8c-2885d8332548,KXACPI-2025-2.3,100,2025-02-01T18:53:18.997989Z,19,81,yes
691,ebd3e962-4560-49b5-829f-c07021887eef,KXACPI-2025-2.3,1,2025-01-31T03:41:55.563463Z,19,81,yes
692,29274492-f686-49b9-9435-31667b62eda5,KXACPI-2025-2.3,111,2025-01-30T05:18:45.351963Z,19,81,yes
693,68469162-57bd-47e6-83be-daaa44d1273e,KXACPI-2025-2.3,49,2025-01-28T16:05:52.893667Z,19,81,yes
694,5c8a0b8a-4eed-44b1-b871-3a11e78e00b7,KXACPI-2025-2.3,1000,2025-01-28T02:49:27.348346Z,19,81,yes
695,d5217c75-f53c-45d1-924f-9f441040ea38,KXACPI-2025-2.3,49,2025-01-26T04:17:25.347001Z,19,81,yes
696,7158b602-c64a-4cf1-91a2-9253e73ed499,KXACPI-2025-2.3,50,2025-01-21T01:41:49.699689Z,19,81,yes
697,37f9018f-0b4d-4f20-be93-77b695b7a728,KXACPI-2025-2.3,49,2025-01-20T21:59:43.897994Z,19,81,yes
698,2b5a577a-1624-49a2-89f9-72b70122e817,KXACPI-2025-2.3,39,2025-01-18T18:13:18.426381Z,19,81,yes
699,4adceba7-f13b-4bdc-bab9-9a2595289eb7,KXACPI-2025-2.3,10,2025-01-18T17:50:18.083616Z,19,81,yes
700,5c4a7e85-a3fd-45cb-837a-48bbefaa44ee,KXACPI-2025-2.3,24,2025-01-17T23:39:47.310202Z,19,81,yes
701,e1a9f663-9363-4d78-be93-2ce209c1f5e7,KXACPI-2025-2.3,24,2025-01-17T03:12:11.771319Z,19,81,yes
702,51df3403-5605-4003-84c5-febe2109a23b,KXACPI-2025-2.3,11,2025-01-08T23:22:06.352978Z,18,82,yes
703,12f2c7bb-356f-4b4f-b30c-c8a02b35aeec,KXACPI-2025-2.3,89,2025-01-08T23:22:06.352978Z,19,81,yes
704,96c6d56a-cfca-40e5-a414-cd482b0d6c7e,KXACPI-2025-2.3,20,2025-01-08T15:55:41.422151Z,17,83,no
705,c3c28ea2-73af-46fc-a901-555251260acb,KXACPI-2025-2.3,9,2025-01-08T15:55:10.568443Z,18,82,no
706,edb74182-1825-4501-9c34-cd9a4ae29b17,KXACPI-2025-2.3,5,2025-01-07T23:15:32.667464Z,21,79,yes
707,813c5acb-900c-4347-960a-395d25596565,KXACPI-2025-2.3,1,2025-01-07T22:48:04.80899Z,18,82,no
708,ef62bb65-91ef-42fe-9f16-e9e0f3c52862,KXACPI-2025-2.3,11,2025-01-05T20:16:33.587553Z,17,83,no
709,ae7fa5a5-4dcf-41c7-a7d0-fb88998a6adb,KXACPI-2025-2.3,5,2024-12-30T21:13:44.385829Z,23,77,yes
710,f3e6d1fd-3611-48fa-908e-732f83de2be7,KXACPI-2025-2.3,19,2024-12-29T05:56:55.104468Z,18,82,no
711,c4d8efbc-e372-46d5-9757-a58f773f3d1a,KXACPI-2025-2.3,19,2024-12-25T20:09:38.685315Z,25,75,yes
712,dcd071a0-ed37-49d6-97c9-3009c99c95c2,KXACPI-2025-2.3,7,2024-12-22T14:08:31.619882Z,25,75,yes
713,856c7e2e-dc99-4eb9-b4ba-eb83a9f5f8a4,KXACPI-2025-1.8,10,2025-07-23T20:27:39.899574Z,4,96,no
714,f6891ffd-50db-4276-bd28-dd6c3085f116,KXACPI-2025-1.8,300,2025-07-03T22:32:49.61389Z,7,93,yes
715,e672f663-db34-4c00-9338-4bd65a71df33,KXACPI-2025-1.8,4,2025-06-11T19:24:01.576497Z,6,94,yes
716,d3d112e7-dc24-4e3f-bd64-1153976a439c,KXACPI-2025-1.8,45,2025-05-09T05:56:00.853653Z,6,94,yes
717,a7ec3fb4-6a4f-4f67-b898-735ab6e187f0,KXACPI-2025-1.8,1955,2025-05-09T05:56:00.853653Z,7,93,yes
718,1290ec63-b253-42ca-922d-c835d460eb1b,KXACPI-2025-1.8,500,2025-05-09T05:56:00.853653Z,6,94,yes
719,8f958b21-5ae6-404b-8947-177c23b5eca3,KXACPI-2025-1.8,89,2025-04-06T01:14:11.666891Z,3,97,no
720,1a491fc9-6793-435f-aa4b-5f7ef21deb64,KXACPI-2025-1.8,1,2025-04-06T01:14:11.666891Z,3,97,no
721,78a737f6-5472-44ce-90e7-fdc9d4af3bf5,KXACPI-2025-1.8,9,2025-04-05T02:42:31.242139Z,4,96,no
722,49c97267-a73e-4a69-ab2d-a8dc3e66fcc6,KXACPI-2025-1.8,1,2025-04-05T02:42:31.242139Z,4,96,no
723,db46d107-c638-4be5-add4-507f1cf0f3ae,KXACPI-2025-1.8,999,2025-04-03T14:19:31.893499Z,4,96,no
724,9d1dd1c5-fcfb-41ae-adc4-88c31071f687,KXACPI-2025-1.8,1,2025-04-03T14:19:31.893499Z,4,96,no
725,95761edc-319f-4f4c-ab1d-e6f4a56e992b,KXACPI-2025-1.8,55,2025-03-31T16:22:22.886235Z,8,92,yes
726,ad567ed1-a5fd-450f-97ec-a8f62068611f,KXACPI-2025-1.8,7,2025-03-20T03:41:42.155027Z,7,93,no
727,7ddca17b-6241-44a0-bc64-d230e4f7ef59,KXACPI-2025-1.8,1,2025-02-25T00:27:42.802461Z,10,90,yes
728,f38bb283-7e96-4521-b1a3-d937a9ae3a9c,KXACPI-2025-1.8,9,2025-02-19T02:10:25.653329Z,10,90,yes
729,e429caac-c87e-4a82-bc1c-24931b7958b7,KXACPI-2025-1.8,500,2025-02-15T03:18:46.071486Z,9,91,yes
730,68e635e7-20de-47bb-aad7-db53d70f34d6,KXACPI-2025-1.8,100,2025-01-21T01:41:37.282426Z,9,91,yes
731,57acfbab-17ae-4e31-8788-e2d3b886cb22,KXACPI-2025-1.8,10,2025-01-15T07:16:07.930489Z,9,91,yes
732,0e8f2532-ab6b-41dc-b66f-680e3ca21feb,KXACPI-2025-1.8,20,2025-01-08T15:56:29.665882Z,9,91,no
733,464e35b8-ffff-480b-ac70-1b6d97dff9e9,KXACPI-2025-1.8,10,2025-01-08T15:54:49.490496Z,10,90,no
734,f93cde66-4397-4b15-a334-1a4e68e0c1aa,KXACPI-2025-1.8,1300,2025-01-02T18:00:16.418002Z,11,89,yes
735,7a1d01cd-0357-427a-b5d4-8eae88e272b2,KXACPI-2025-1.8,1,2024-12-23T07:48:13.481103Z,6,94,no
736,b9bca16e-fc1c-4c0d-b804-33091acdd2fc,KXACPI-2025-1.3,80,2025-06-04T22:25:50.82373Z,3,97,no
737,c02e9fc1-3a69-40c0-9400-fe20a2afe956,KXACPI-2025-1.3,370,2025-06-04T22:24:26.188963Z,3,97,no
738,a1274cc6-6ab9-4d7a-b069-9af6882c597b,KXACPI-2025-1.3,500,2025-04-03T17:40:46.22724Z,3,97,no
739,fa5d2b1a-f68b-4f6d-b32b-4fbe87f57749,KXACPI-2025-1.3,100,2025-03-09T20:44:42.717387Z,4,96,yes
740,e20bdd2f-8f10-4a62-9ffd-673b127c4cf5,KXACPI-2025-1.3,463,2025-03-04T13:05:19.912638Z,3,97,no
741,12f2b3b5-708c-422c-abed-3949a470b204,KXACPI-2025-1.3,100,2025-02-21T19:13:06.520183Z,4,96,yes
742,cf443991-16ce-4eb2-91c4-bc99b02ba6cc,KXACPI-2025-1.3,10,2025-01-15T07:16:18.065483Z,4,96,yes
743,048dcd2f-74fc-44d2-bd21-dd65ce4343e4,KXACPI-2025-1.3,10,2025-01-15T07:16:18.065483Z,4,96,yes
744,d78da82a-a5f0-44d2-8497-a2ec7883f1fa,KXACPI-2025-1.3,10,2025-01-08T15:55:18.894125Z,4,96,no
745,1c14ae33-791f-4fda-9a4d-763073abedcb,KXACPI-2025-0.8,74,2025-03-31T16:21:55.122701Z,3,97,yes
746,aac49d5c-5b62-4d2f-aa72-799eca287ef6,KXACPI-2025-0.8,20,2025-03-17T14:01:56.651706Z,3,97,yes
747,68cf8c63-663e-441e-9e9a-a3557ad55ca6,KXACPI-2025-0.8,135,2025-03-17T14:01:56.651706Z,3,97,yes
748,dd237d7c-61b5-4c38-8d49-681cd600044d,KXACPI-2025-0.8,10,2025-03-10T22:11:42.987852Z,4,96,yes
749,1bd51fb6-d6ef-4d42-9f1b-8b8fd98127b5,KXACPI-2025-0.8,500,2025-03-10T22:11:42.987852Z,4,96,yes
750,e2363358-5950-4e8e-95fd-93938f3fd3f1,KXACPI-2025-0.8,499,2025-03-10T22:11:19.118292Z,3,97,yes
751,db81b137-9fe1-4210-9db5-b65c081a25e3,KXACPI-2025-0.8,500,2025-03-10T22:11:19.118292Z,3,97,yes
752,ee94d8a6-02d5-4362-a817-ae196f526449,KXACPI-2025-0.8,100,2025-03-09T20:45:06.74295Z,2,98,yes
753,63e1866a-1758-4a2c-b8d1-6d181e6934e4,KXACPI-2025-0.8,600,2025-03-09T20:45:06.74295Z,2,98,yes
754,a7a7c041-b876-4b73-ae76-751932e10e4f,KXACPI-2025-0.8,100,2025-02-07T20:57:15.740649Z,2,98,yes
755,523b5dec-8456-46e4-9e8d-6d818e938e65,KXACPI-2025-0.8,25,2025-02-07T20:57:15.740649Z,3,97,yes
756,0bc82b9b-1153-4222-b2dd-3a35cddb9cbd,KXACPI-2025-0.8,1,2025-02-07T20:57:15.740649Z,3,97,yes
757,cc7139ad-c304-4b82-823f-a2bd6cfecbe0,KXACPI-2025-0.8,100,2025-01-22T15:28:19.876601Z,3,97,yes
758,e8d81e0a-6f81-479e-82b9-83714b414fb8,KXACPI-2025-0.8,20,2025-01-08T15:56:02.945539Z,2,98,no
759,9084c3c9-c5f1-4f44-a548-4957c983d78f,KXACPI-2025-0.6,500,2025-04-20T02:07:34.537267Z,1,99,yes
760,8cee7f6d-0ecd-4276-bcf7-64ed537dead9,KXACPI-2025-0.6,500,2025-04-20T02:07:34.537267Z,1,99,yes
761,474e5464-61d8-4aa3-9af3-99bf4e2919b7,KXACPI-2025-0.6,400,2025-04-20T02:07:34.537267Z,1,99,yes
762,300a8d98-af83-4883-87ba-ab0635c446f0,KXACPI-2025-0.6,100,2025-04-20T02:07:34.537267Z,1,99,yes
763,113766c0-001a-44f8-933b-20bc4eaa9cfa,KXACPI-2025-0.6,99,2025-03-31T16:21:41.150077Z,2,98,yes
764,7e3dda24-5e9b-41b6-af33-ab38be72659e,KXACPI-2025-0.6,10,2025-03-12T22:10:50.059845Z,2,98,yes
765,1cf7511c-b568-49af-815a-8983f3223131,KXACPI-2025-0.6,290,2025-03-11T23:18:53.061603Z,1,99,no
766,86a5d85e-e92b-4a70-9112-5a93f58d0b5d,KXACPI-2025-0.6,1,2025-03-05T19:23:36.378898Z,1,99,no
767,5dcd7fce-0047-4dcc-94b6-4403b6b86715,KXACPI-2025-0.6,50,2025-02-21T19:13:05.031041Z,2,98,yes
768,189d4595-492c-4305-862d-03596d93d46b,KXACPI-2025-0.6,250,2025-02-15T15:36:01.727671Z,2,98,yes
769,069fc6da-d1b7-41ce-8214-b6a94b0fe300,KXACPI-2025-0.6,300,2025-02-15T15:36:01.727671Z,2,98,yes
770,ccaedbb2-ea0c-47c2-96f8-80b0325aa5fb,KXACPI-2025-0.6,50,2024-12-30T00:10:34.815598Z,6,94,yes
771,ec2366e2-8419-4621-869f-76563019f0e3,ACPI-24-C7.0,334,2024-05-15T12:58:45.753524Z,1,99,no
772,5db838b3-0c4b-4e26-af5f-48328c383232,ACPI-24-C7.0,100,2024-05-15T12:06:49.715094Z,1,99,no
773,f7226830-05a2-477e-aa0a-72f903b17c5a,ACPI-24-C7.0,51,2024-04-28T17:01:12.205408Z,1,99,no
774,3ce61de5-156d-4741-a17b-aa269d1feba2,ACPI-24-C7.0,6,2024-04-24T02:08:35.354921Z,1,99,no
775,4f918bcc-1a33-4c55-bcf0-8671718c4e5f,ACPI-24-C7.0,399,2024-04-23T03:41:18.789498Z,1,99,no
776,c197bc10-8dec-41b8-a96b-d7035c433225,ACPI-24-C7.0,10,2024-04-22T14:32:58.265474Z,1,99,no
777,16b1cbb7-a284-4ee3-a9cc-abdcfecec5f4,ACPI-24-C7.0,100,2024-04-13T20:47:17.693111Z,1,99,no
778,f68f2cb4-305f-40ff-b9ab-4c4360685b1e,ACPI-24-C7.0,1,2024-04-11T17:22:37.162183Z,1,99,yes
779,9a88baed-addb-4c07-8c4e-44bbb3c5df3b,ACPI-24-C7.0,400,2024-03-25T17:29:49.77327Z,1,99,no
780,4a7b64fe-ae22-4c99-b145-02e612900c3a,ACPI-24-C7.0,1,2024-03-25T17:29:49.668604Z,1,99,no
781,c6f40066-3b67-4e2d-99f0-07245709e3bf,ACPI-24-C7.0,89,2024-03-22T21:16:44.636337Z,1,99,no
782,6a6c1f46-47e4-425c-b57a-e6ae5b68f000,ACPI-24-C7.0,10,2024-03-22T21:16:44.077526Z,1,99,no
783,6da37953-cdc7-4e31-896d-103ab8875f8f,ACPI-24-C7.0,35,2024-03-15T12:21:18.434127Z,1,99,no
784,57c4154c-ab33-487a-b090-39f79d42c28c,ACPI-24-C7.0,483,2024-03-15T12:17:11.131771Z,1,99,no
785,596b8a09-6c5c-408d-8b6a-5197bb7a5f9b,ACPI-24-C7.0,351,2024-03-15T12:17:11.105443Z,1,99,no
786,3c6b2545-3d00-4b2b-b6b1-83782f755831,ACPI-24-C7.0,494,2024-03-15T12:17:03.391869Z,1,99,no
787,5713a897-ff1a-402a-9a36-f8d1bbb6f834,ACPI-24-C7.0,495,2024-03-15T12:17:03.058993Z,1,99,no
788,d5b188e9-6507-4d78-b424-957460aeaa6a,ACPI-24-C7.0,1,2024-03-15T12:17:01.029266Z,1,99,yes
789,4988406b-9e09-428f-b003-677e0ef1f463,ACPI-24-C7.0,250,2024-03-15T12:17:01.029266Z,1,99,yes
790,96d4455f-6cc9-49be-aac9-cfb0f2d625c8,ACPI-24-C7.0,1,2024-01-24T17:06:22.928221Z,1,99,yes
791,28a26748-1e86-43f3-baca-b7487f30974a,ACPI-24-C7.0,200,2024-01-11T14:49:50.793469Z,5,95,yes
792,98ec4c3c-49ed-4094-ae8b-f62097f3017c,ACPI-24-C7.0,1,2024-01-11T14:49:01.77737Z,1,99,yes
793,f7c640d3-8a5f-475b-9089-8201b816704c,ACPI-24-B6.5,51,2024-04-28T17:01:12.20716Z,1,99,no
794,a46312f1-5330-4d65-8e9e-0d3abd931878,ACPI-24-B6.5,6,2024-04-24T02:08:35.35327Z,1,99,no
795,4ea27413-078d-4aa0-8d41-9861e332622e,ACPI-24-B6.5,10,2024-04-22T14:32:58.273888Z,1,99,no
796,279391a6-19ce-4d0e-bfa6-153b2d9f86ad,ACPI-24-B6.5,100,2024-04-13T20:47:17.724145Z,1,99,no
797,9178e401-ed66-4222-a04a-5883f63d014a,ACPI-24-B6.5,49,2024-03-26T12:45:41.728526Z,1,99,no
798,dfd7eca0-3a35-46a6-9c7a-fe320d20ab71,ACPI-24-B6.5,300,2024-03-26T12:44:53.735019Z,1,99,no
799,1bb622cb-0d30-47fa-af33-d5a81048f3de,ACPI-24-B6.5,10,2024-03-26T12:44:46.293838Z,1,99,no
800,586d84b3-db94-426f-ace4-8d775c50efd4,ACPI-24-B6.5,10,2024-03-26T12:44:34.094663Z,1,99,no
801,9d4a1428-0c5b-43cc-ab9a-85b72542ab28,ACPI-24-B6.5,10,2024-03-26T12:44:21.528372Z,1,99,no
802,0ec797ea-1258-4264-b721-625992d2e566,ACPI-24-B6.5,10,2024-03-26T12:44:09.013604Z,1,99,no
803,8f809cd3-de97-4a65-9a4f-5b1db5c12a56,ACPI-24-B6.5,10,2024-03-25T19:33:16.382652Z,1,99,no
804,c3451175-d211-48d9-b1b6-2431860feb82,ACPI-24-B6.5,401,2024-03-25T17:29:49.784182Z,1,99,no
805,eb7932b0-6e46-4bef-afbb-59952886fe02,ACPI-24-B6.5,1,2024-03-25T17:29:49.659192Z,1,99,no
806,7671c93f-619c-43fc-98d4-980a9bd46c85,ACPI-24-B6.5,100,2024-03-24T16:25:05.106994Z,1,99,no
807,247fb96e-9289-43e0-afab-d467e18576cc,ACPI-24-B6.5,89,2024-03-22T21:16:44.636907Z,1,99,no
808,0519e04a-e1c4-4ba5-922d-c11d312f9b2a,ACPI-24-B6.5,10,2024-03-22T21:16:44.080734Z,1,99,no
809,c3eb2ebd-4fd8-483a-baf9-900bb9cd69be,ACPI-24-B6.5,35,2024-03-15T12:21:18.432545Z,1,99,no
810,c8f773f8-020d-49fe-99f1-7d94b8e59150,ACPI-24-B6.5,102,2024-03-15T12:17:56.128782Z,1,99,no
811,121e77cd-30d5-4224-90da-439592a5c463,ACPI-24-B6.5,224,2024-03-15T12:17:29.390076Z,1,99,no
812,05c6ae25-db8f-43dc-b277-7e37f983c5d5,ACPI-24-B6.5,21,2024-03-15T12:17:22.89889Z,1,99,no
813,8355f3e2-102c-4413-8366-3cb1024bb488,ACPI-24-B6.5,379,2024-03-15T12:17:20.421441Z,1,99,no
814,0ef470e4-ee7c-4cec-973b-20cf82278b89,ACPI-24-B6.5,304,2024-03-15T12:17:14.185282Z,1,99,yes
815,5fbbf65a-5838-40b7-b1f1-c9ae79768338,ACPI-24-B6.5,179,2024-03-15T12:17:11.132851Z,1,99,no
816,1a7c8666-868b-4c68-8c15-d821a3132d31,ACPI-24-B6.5,351,2024-03-15T12:17:11.109955Z,1,99,no
817,827f29d4-85c1-4c1a-9f4c-9bdc09def0a1,ACPI-24-B6.5,494,2024-03-15T12:17:03.387298Z,1,99,no
818,6f679f77-dfde-48f0-a848-0ddc0e856e18,ACPI-24-B6.5,495,2024-03-15T12:17:03.04421Z,1,99,no
819,9d788cce-3fd5-4b1a-b536-4bf97424e926,ACPI-24-B6.5,9,2024-03-12T20:03:23.458843Z,2,98,yes
820,861f4c55-f553-4c5f-922d-6521696752f1,ACPI-24-B6.5,8,2024-03-12T19:55:06.939426Z,2,98,yes
821,70aa4754-3092-4eba-ab90-7050146f459f,ACPI-24-B6.5,1,2024-03-12T19:55:06.939426Z,1,99,yes
822,54f28620-1240-4a16-a26f-bf9b3e2d37df,ACPI-24-B6.5,10,2024-01-30T00:11:31.714091Z,3,97,yes
823,938d1752-f5b2-4bdd-9ada-e61915ec7e78,ACPI-24-B6.5,1,2024-01-24T17:05:52.562981Z,1,99,yes
824,66add41c-4456-4412-a780-fd8cb7f85a1a,ACPI-24-B6.5,1,2024-01-11T14:49:17.439099Z,2,98,yes
825,68325495-4792-4e8a-996d-6fe764def2ce,ACPI-24-B5.5,14,2024-07-03T03:07:23.858521Z,1,99,no
826,308e2027-b779-4842-a65d-c884c6308668,ACPI-24-B5.5,100,2024-07-02T00:20:13.429634Z,1,99,no
827,ad31b786-7234-4c57-9228-283e805dc5f5,ACPI-24-B5.5,150,2024-06-23T17:40:16.204736Z,1,99,no
828,7591f011-6396-4bb8-84a2-461b3b0d2d1c,ACPI-24-B5.5,51,2024-06-15T17:50:38.834096Z,1,99,no
829,65a8e2c5-f980-4c36-9990-e91e0d807f56,ACPI-24-B5.5,102,2024-06-15T17:13:41.774962Z,1,99,no
830,30531ca0-eedc-4681-a84d-b4262a5aaf2e,ACPI-24-B5.5,10,2024-06-14T13:50:29.45994Z,1,99,no
831,e46e6504-cdcd-4ec4-84f9-9069aff89c13,ACPI-24-B5.5,10,2024-06-14T00:55:49.637288Z,1,99,no
832,e1522d58-9d83-49b7-9412-e874785db1a7,ACPI-24-B5.5,200,2024-06-13T16:59:29.858212Z,1,99,no
833,e093f386-1374-4926-ab27-da517ba25d01,ACPI-24-B5.5,450,2024-06-13T16:57:40.107143Z,1,99,no
834,e1a92af4-8ca4-4560-a890-0a36ee829dd3,ACPI-24-B5.5,100,2024-06-12T12:40:23.795421Z,1,99,no
835,7c6f6a6e-6db5-46bd-acb1-812acf0b75d1,ACPI-24-B5.5,200,2024-05-15T12:58:38.220591Z,1,99,no
836,d52ee2c8-61c9-4edf-a13a-732295ef26c2,ACPI-24-B5.5,1200,2024-05-15T12:57:50.337176Z,1,99,no
837,06723f96-dfc1-42c9-ab38-7a105902d287,ACPI-24-B5.5,51,2024-04-28T17:01:12.216219Z,1,99,no
838,8a523255-e9cb-4dd6-a412-a3260c285b64,ACPI-24-B5.5,6,2024-04-24T02:08:35.352393Z,1,99,no
839,f14650f0-705e-4ee3-8820-440ba3d3f686,ACPI-24-B5.5,10,2024-04-22T14:32:58.267821Z,1,99,no
840,22b91a02-efcc-404c-8ce2-5b3e4de34e9f,ACPI-24-B5.5,100,2024-04-13T20:47:17.693743Z,1,99,no
841,806d7312-d813-48ac-b8f3-1bd5cc0f0817,ACPI-24-B5.5,14,2024-04-10T12:54:11.741586Z,1,99,no
842,29ef0593-f967-4f8f-9330-a2b4a84c4e1a,ACPI-24-B5.5,73,2024-04-10T12:54:11.741586Z,1,99,no
843,a59ae6c5-94d9-480e-92e9-d109e1efe4ac,ACPI-24-B5.5,4,2024-04-10T12:42:41.401677Z,1,99,no
844,20592662-69bf-4b0d-acd3-61ecb7d7242c,ACPI-24-B5.5,10,2024-04-10T03:01:44.559673Z,1,99,no
845,2e800ee9-32b2-4557-a365-b37a1e3686f0,ACPI-24-B5.5,8,2024-04-10T01:58:03.559942Z,1,99,no
846,666a55f7-3cba-4839-a415-f249eb3d7e80,ACPI-24-B5.5,10,2024-04-10T01:00:55.674985Z,1,99,no
847,ef46de40-6885-4f6c-a1c2-7ec5659559ad,ACPI-24-B5.5,1,2024-04-10T01:00:54.897901Z,1,99,no
848,2e8d4c38-3490-4025-a115-9ebb8e1e53ef,ACPI-24-B5.5,10,2024-04-10T00:11:25.800914Z,1,99,no
849,a067fca3-d5a8-4709-a335-d8560f5a6e73,ACPI-24-B5.5,10,2024-04-09T22:21:29.643066Z,1,99,no
850,b1fa4165-5307-4939-a7b7-651743327c7d,ACPI-24-B5.5,49,2024-03-26T12:45:41.719843Z,1,99,no
851,0755d5f1-8810-48e2-804c-e608fba17ca0,ACPI-24-B5.5,33,2024-03-26T12:45:15.200122Z,1,99,no
852,d00caeae-a19f-47be-9d6b-f14956b1c756,ACPI-24-B5.5,300,2024-03-26T12:44:53.726186Z,1,99,no
853,126bc976-0350-4524-9197-1549369b9fc0,ACPI-24-B5.5,10,2024-03-26T12:44:46.284618Z,1,99,no
854,4d143e78-f53b-482d-9239-6949f60d1f36,ACPI-24-B5.5,10,2024-03-26T12:44:34.084301Z,1,99,no
855,30a7e2a4-8021-4431-ab3a-f710e3272ad6,ACPI-24-B5.5,10,2024-03-26T12:44:21.518811Z,1,99,no
856,cfbabf83-07c1-4f33-891b-e4e036e2dad6,ACPI-24-B5.5,10,2024-03-26T12:44:09.007835Z,1,99,no
857,43c3b72f-fc5c-47f1-96cd-87e8ab4f99c6,ACPI-24-B5.5,10,2024-03-25T19:33:16.378282Z,1,99,no
858,e3053bbd-399f-4640-8ae7-10f0cb8ecfc9,ACPI-24-B5.5,401,2024-03-25T17:29:49.749732Z,1,99,no
859,fcbafa9e-2e91-4305-9839-7c6ab53a3b0b,ACPI-24-B5.5,1,2024-03-25T17:29:49.649869Z,1,99,no
860,1e63cd3c-784d-4343-b442-5284c57b11f4,ACPI-24-B5.5,89,2024-03-22T21:16:44.632625Z,1,99,no
861,44fd5648-5dbd-41ec-81a1-3cade4711b8b,ACPI-24-B5.5,10,2024-03-22T21:16:44.074141Z,1,99,no
862,9968a5bd-fcad-41e2-abec-74101085cd16,ACPI-24-B5.5,35,2024-03-15T12:21:18.434996Z,1,99,no
863,dc39e11e-1fa3-431c-9898-b7e6a93dde62,ACPI-24-B5.5,102,2024-03-15T12:17:56.132256Z,1,99,no
864,9468ad18-e4b3-4409-8bb5-edbb06236fda,ACPI-24-B5.5,224,2024-03-15T12:17:29.388027Z,1,99,no
865,4664b200-45c7-421f-81f2-61b5ec281a53,ACPI-24-B5.5,21,2024-03-15T12:17:22.883709Z,1,99,no
866,5469b314-becc-4f35-bdf9-a7cd5cd92116,ACPI-24-B5.5,379,2024-03-15T12:17:20.423416Z,1,99,no
867,a131210b-bd68-4ba3-871b-4ab43dfc80b2,ACPI-24-B5.5,304,2024-03-15T12:17:14.265196Z,1,99,yes
868,7fa35356-ef5d-45ee-b821-88a88a6759e3,ACPI-24-B5.5,179,2024-03-15T12:17:11.141445Z,1,99,no
869,1cf6a92a-5034-4c0b-9a76-66700bceaab4,ACPI-24-B5.5,351,2024-03-15T12:17:11.109496Z,1,99,no
870,6714a186-b132-4489-9af2-62a9ac9c7d4d,ACPI-24-B5.5,494,2024-03-15T12:17:03.38448Z,1,99,no
871,d9a60c68-373f-499e-bb6d-5fc618f41339,ACPI-24-B5.5,495,2024-03-15T12:17:03.045898Z,1,99,no
872,9b8a8858-de8a-40b9-8a53-1b6b41099df0,ACPI-24-B5.5,9,2024-03-12T20:03:21.798576Z,3,97,yes
873,92e75e36-961c-4181-ae33-1f1039b6f02a,ACPI-24-B5.5,1,2024-03-12T19:55:06.859158Z,2,98,yes
874,6a2399a4-76f3-4aa8-8122-3fb518f89387,ACPI-24-B5.5,8,2024-03-12T19:55:06.859158Z,3,97,yes
875,4893db1d-18c8-46c2-9323-2626be54330d,ACPI-24-B5.5,1,2024-01-30T00:11:00.750719Z,3,97,yes
876,a95780d5-3566-4912-9c7b-8468db353e45,ACPI-24-B5.5,150,2024-01-11T14:51:02.434523Z,6,94,yes
877,76901f92-76c8-4994-b5f2-ba8ba119c6e1,ACPI-24-B5.5,1,2024-01-11T14:50:51.680218Z,4,96,yes
878,b54c8f3e-2947-4c35-87ba-faab1c08f665,ACPI-24-B5.5,300,2023-12-21T23:28:07.874609Z,8,92,yes
879,7357033e-3a07-48e1-a2d6-d53528ed1497,ACPI-24-B5.5,150,2023-12-21T23:28:07.874609Z,7,93,yes
880,718f12eb-2fd7-4b61-b486-84037f27f9dd,ACPI-24-B4.5,10,2024-09-12T21:17:27.702567Z,1,99,yes
881,77cf4574-4838-47cb-9388-82003ed559f7,ACPI-24-B4.5,1,2024-08-05T20:49:13.667375Z,1,99,yes
882,240d4ea1-4ae7-4d64-b514-f57e7e53cf3a,ACPI-24-B4.5,99,2024-08-05T20:49:13.667375Z,1,99,yes
883,3b6c142c-7f2e-4e3a-913e-84d0f712a50c,ACPI-24-B4.5,49,2024-07-12T19:29:21.615206Z,1,99,no
884,b1296427-0c84-46a7-b4e3-b41ac2a03b7c,ACPI-24-B4.5,1,2024-07-05T21:17:00.965351Z,1,99,yes
885,bf57fe96-2d58-49fc-8421-5dd5ca6e5135,ACPI-24-B4.5,527,2024-07-02T16:35:19.652379Z,1,99,no
886,1d1a1dd4-d3d7-4182-b044-083340caa836,ACPI-24-B4.5,150,2024-06-23T17:40:16.218699Z,1,99,no
887,20940c02-1c4e-4fa8-b230-d7c8449e152b,ACPI-24-B4.5,51,2024-06-15T17:50:38.836032Z,1,99,no
888,b98ac795-9f4f-47c7-ac48-bb998181c3f4,ACPI-24-B4.5,102,2024-06-15T17:13:41.77618Z,1,99,no
889,63945a42-dfb0-4524-a83a-ac3096411493,ACPI-24-B4.5,10,2024-06-14T13:50:29.454863Z,1,99,no
890,7b3cef11-ceed-4672-b3dd-f3ea88e740f3,ACPI-24-B4.5,10,2024-06-14T00:55:49.636267Z,1,99,no
891,cb0a87f9-5302-43a6-a6d3-c4fa1531c958,ACPI-24-B4.5,50,2024-06-13T16:59:29.844208Z,2,98,no
892,48fed1b8-9ae9-4d25-88ac-ee1908f1d094,ACPI-24-B4.5,150,2024-06-13T16:59:29.844208Z,1,99,no
893,221194a8-5cdf-4c84-abf0-34830d4babc4,ACPI-24-B4.5,450,2024-06-13T16:57:40.12234Z,2,98,no
894,af04f4b1-4bf8-4d55-80b1-83de58b9ef37,ACPI-24-B4.5,500,2024-06-13T16:48:15.784639Z,3,97,no
895,9b18c4aa-4d99-42d2-acb0-680f8f8aa7f1,ACPI-24-B4.5,100,2024-06-13T16:48:15.784639Z,3,97,no
896,dad263a9-260a-4b35-b233-4f37b0444579,ACPI-24-B4.5,100,2024-06-13T13:52:15.351377Z,3,97,no
897,9e1352c4-acdb-45f7-b406-45d06498fae9,ACPI-24-B4.5,100,2024-06-12T12:40:14.768457Z,3,97,no
898,594e7dad-3be5-451d-a407-ed004cb90c80,ACPI-24-B4.5,500,2024-06-10T22:22:54.736453Z,4,96,yes
899,445ff516-d18b-48f3-bea2-ba7a44013051,ACPI-24-B4.5,490,2024-06-07T14:10:46.922747Z,4,96,no
900,1f12a629-d58a-473a-bef5-7029f9234d4e,ACPI-24-B4.5,10,2024-06-04T22:49:32.319641Z,4,96,no
901,0acd5e19-63dd-48f1-bad1-99bc9ae598a1,ACPI-24-B4.5,10,2024-06-04T22:49:32.319641Z,4,96,no
902,083be806-ad3f-4a37-82fe-fdaf5db43a08,ACPI-24-B4.5,10,2024-06-04T22:49:32.319641Z,5,95,no
903,d599b346-1897-467c-b6f9-d3fd80665528,ACPI-24-B4.5,50,2024-05-26T12:51:20.490922Z,7,93,no
904,8b196055-45af-42f8-b59f-6b651f7a87a1,ACPI-24-B4.5,1,2024-05-22T14:14:34.719407Z,8,92,yes
905,6968560b-462f-4ff1-b9dd-1021d7d4ab03,ACPI-24-B4.5,150,2024-05-17T17:45:11.770895Z,8,92,yes
906,1b1360db-2df5-4263-b9e1-fe051714ba13,ACPI-24-B4.5,100,2024-05-16T18:57:59.059353Z,6,94,yes
907,4e08ef22-eef4-4f79-8c7a-71a11fca1957,ACPI-24-B4.5,50,2024-05-04T15:29:50.455091Z,6,94,yes
908,00baf1e3-072c-47dd-a225-5c37cae74f78,ACPI-24-B4.5,339,2024-05-03T15:49:16.856146Z,3,97,no
909,0bc68a63-8af0-45a9-b6c8-ea16b5ac4e99,ACPI-24-B4.5,1161,2024-05-03T12:59:22.886297Z,3,97,no
910,d71f9d1e-add0-46ff-8e0a-3b8e6b623824,ACPI-24-B4.5,100,2024-05-02T03:58:30.100078Z,4,96,no
911,3bd0e959-495e-4550-be7f-75c3f17b5efc,ACPI-24-B4.5,500,2024-05-02T03:58:30.100078Z,4,96,no
912,0e51c9db-d778-4c5b-adb1-ea3324b85476,ACPI-24-B4.5,39,2024-05-02T03:58:30.100078Z,6,94,no
913,dd8331fa-beec-433a-b170-84c0441ce61a,ACPI-24-B4.5,29,2024-04-30T01:37:05.608934Z,8,92,yes
914,7ed9f71a-64e5-4edf-80ac-a1707474e9dc,ACPI-24-B4.5,10,2024-04-30T01:37:05.608934Z,7,93,yes
915,79f39341-c2b2-493e-93e5-3f385395f861,ACPI-24-B4.5,10,2024-04-30T01:37:05.608934Z,7,93,yes
916,7db16ce6-e8b9-42d8-8556-933b48ce82be,ACPI-24-B4.5,1500,2024-04-28T19:28:29.651872Z,5,95,yes
917,783399a3-e641-4b0a-b3f7-b68a7da6d7c9,ACPI-24-B4.5,500,2024-04-28T18:29:37.291733Z,5,95,yes
918,0bd6ac58-e5fb-420a-bf55-df607aed7c2a,ACPI-24-B4.5,500,2024-04-28T18:29:18.380876Z,5,95,yes
919,12423b40-1904-455f-b1c4-b213c7ed9bd4,ACPI-24-B4.5,1,2024-04-28T17:11:09.325787Z,5,95,no
920,bdd6d65c-e2ca-47ea-8db8-8e73531d2c99,ACPI-24-B4.5,1,2024-04-28T17:01:52.237762Z,5,95,no
921,b6acf1d5-e378-420f-8135-54765733c2c3,ACPI-24-B4.5,99,2024-04-28T17:01:52.237762Z,5,95,no
922,2b2d5f2f-af57-4245-bd83-4c63cfb6064f,ACPI-24-B4.5,100,2024-04-28T17:01:52.237762Z,5,95,no
923,4c8835b7-5d55-4660-806c-6eb839edb721,ACPI-24-B4.5,51,2024-04-28T17:01:12.203761Z,6,94,no
924,daa69ab4-e221-41e0-a382-e98468927354,ACPI-24-B4.5,10,2024-04-27T17:26:27.307764Z,6,94,no
925,b273ca57-59a3-4c90-848d-e8c7c42784cf,ACPI-24-B4.5,31,2024-04-27T17:26:27.307764Z,7,93,no
926,a4649981-c2fb-4d23-8c2f-b0cce7ac3cbc,ACPI-24-B4.5,49,2024-04-27T17:26:27.307764Z,6,94,no
927,726376e2-c510-4197-bf9d-0f24b6dcf8ed,ACPI-24-B4.5,10,2024-04-27T17:26:27.307764Z,6,94,no
928,94bdd78e-0242-4d8a-bada-0bb75629354e,ACPI-24-B4.5,69,2024-04-26T16:57:33.805305Z,7,93,no
929,7bf5a9df-7a91-4e57-a41b-d8dc2c96f970,ACPI-24-B4.5,80,2024-04-26T16:57:33.805305Z,7,93,no
930,b8260dba-e017-47a2-82cf-ddb78d7fbd7a,ACPI-24-B4.5,57,2024-04-25T21:35:42.258587Z,8,92,no
931,4ebc45e0-4cb3-4922-806d-0ee8645dda38,ACPI-24-B4.5,4,2024-04-25T21:35:42.258587Z,8,92,no
932,de778721-8134-44be-a959-a2e05d14c06b,ACPI-24-B4.5,6,2024-04-24T02:08:35.348627Z,8,92,no
933,fe841ceb-4d15-4fa6-8286-1c0040d4ac4e,ACPI-24-B4.5,10,2024-04-23T16:36:57.297554Z,9,91,yes
934,919e665e-f5c6-4fbc-80f8-47f27b9183b9,ACPI-24-B4.5,47,2024-04-23T16:36:57.297554Z,10,90,yes
935,8e8d914c-90ad-4f0d-a702-f99b86651025,ACPI-24-B4.5,200,2024-04-23T13:42:38.368795Z,8,92,no
936,50b30b52-26f5-4465-bd9f-7a306d8b6280,ACPI-24-B4.5,10,2024-04-22T14:32:58.277256Z,7,93,no
937,93130147-d7b4-4641-b846-14a2e852493b,ACPI-24-B4.5,90,2024-04-16T23:10:20.508995Z,9,91,yes
938,dd2b9416-90b9-467e-b766-dbb2e250ac65,ACPI-24-B4.5,10,2024-04-16T23:09:33.403114Z,8,92,yes
939,869e1b88-01f0-421c-a306-edad6793c10b,ACPI-24-B4.5,10,2024-04-13T22:02:20.990196Z,8,92,yes
940,1462dca7-a670-476a-983a-dc0793c72ca0,ACPI-24-B4.5,90,2024-04-13T22:02:20.990196Z,8,92,yes
941,6dcbf96b-46b9-4131-b2ec-3beced1d44fe,ACPI-24-B4.5,100,2024-04-13T20:47:17.725035Z,7,93,no
942,de6ef797-4acb-4a06-8437-58c56243d5ed,ACPI-24-B4.5,10,2024-04-12T16:33:57.681615Z,9,91,yes
943,d59c08e0-14d7-40e4-aefb-dee57b786e78,ACPI-24-B4.5,900,2024-04-12T16:33:57.681615Z,7,93,yes
944,bc78cc1d-749e-4b63-9540-3d142d2a7a5a,ACPI-24-B4.5,100,2024-04-12T16:33:57.681615Z,8,92,yes
945,4803ea5c-8b7c-48bc-8fe0-9bdb80297756,ACPI-24-B4.5,1500,2024-04-12T16:33:57.681615Z,9,91,yes
946,60a63352-a75b-43c9-87b3-740cc5943026,ACPI-24-B4.5,87,2024-04-10T12:54:11.741009Z,6,94,no
947,2dc363e0-eff4-434f-a3db-f927ab202e8a,ACPI-24-B4.5,4,2024-04-10T12:42:41.402253Z,6,94,no
948,7e75aa3b-8154-46ad-85d2-36939cd983be,ACPI-24-B4.5,10,2024-04-10T03:01:44.561351Z,6,94,no
949,475de671-57e0-4bd1-b919-e708d6ab040d,ACPI-24-B4.5,1,2024-04-10T02:08:47.0269Z,7,93,yes
950,20273e4f-1226-401e-a722-5cfc2615d74f,ACPI-24-B4.5,133,2024-04-10T02:08:47.0269Z,7,93,yes
951,f08aee98-fe99-4e1c-9f8d-836fd4261a41,ACPI-24-B4.5,8,2024-04-10T01:58:03.565084Z,6,94,no
952,c13a90d0-7c92-4f15-b95b-6962cd8c3f82,ACPI-24-B4.5,10,2024-04-10T01:00:55.656979Z,6,94,no
953,b5bd6538-f377-4931-9e79-c0eb7b31d69f,ACPI-24-B4.5,1,2024-04-10T01:00:54.897102Z,6,94,no
954,93127abd-be3d-4f4b-89cc-7bb7aa3870d3,ACPI-24-B4.5,10,2024-04-10T00:11:25.78145Z,6,94,no
955,396dfa6f-f2f0-4e82-961d-3856ed7d05b0,ACPI-24-B4.5,10,2024-04-09T22:21:29.644541Z,6,94,no
956,2b1056e5-4366-4d2c-81f8-8854957fc941,ACPI-24-B4.5,10,2024-04-04T12:48:49.386552Z,6,94,yes
957,ac0587e8-6562-4ed7-8579-e96c30e15d2b,ACPI-24-B4.5,49,2024-03-26T12:45:41.708698Z,3,97,no
958,2d30c0f9-c51a-44d4-8e00-245c8f3723f0,ACPI-24-B4.5,300,2024-03-26T12:44:53.715049Z,3,97,no
959,2139542e-1c8d-4590-b058-d181b5bf3079,ACPI-24-B4.5,10,2024-03-26T12:44:46.275005Z,3,97,no
960,e1529db2-bc79-4269-8101-7022b64ddd75,ACPI-24-B4.5,10,2024-03-26T12:44:34.074952Z,3,97,no
961,5e1d375e-d160-45e7-b1c3-5100e0821441,ACPI-24-B4.5,10,2024-03-26T12:44:21.508744Z,3,97,no
962,0e6b8ffb-a7c4-474a-8557-48cd02999b75,ACPI-24-B4.5,10,2024-03-26T12:44:08.999442Z,3,97,no
963,7f3f8aca-24eb-4b8d-b74a-c4f1d80cffa5,ACPI-24-B4.5,10,2024-03-25T19:33:16.368282Z,3,97,no
964,1b37431e-c828-40a9-a262-6c94a4b11fb8,ACPI-24-B4.5,401,2024-03-25T17:29:49.740503Z,3,97,no
965,243eb6d5-4f14-4c8f-bc64-5b0386ef3762,ACPI-24-B4.5,1,2024-03-25T17:29:49.638465Z,5,95,no
966,a7064899-5412-449a-b891-d4e93a4d3551,ACPI-24-B4.5,89,2024-03-22T21:16:44.648412Z,5,95,no
967,898835a5-f038-48e8-b912-300d98149044,ACPI-24-B4.5,10,2024-03-22T21:16:44.08633Z,5,95,no
968,c4abbec9-1a05-482d-a32f-10772c0a7c3e,ACPI-24-B4.5,1500,2024-03-22T21:03:30.6047Z,7,93,yes
969,ac3ed56a-4b44-42d8-9bc5-39cb84983e30,ACPI-24-B4.5,100,2024-03-22T21:03:30.6047Z,8,92,yes
970,8747db01-21a3-4933-9aee-cf5bc13da724,ACPI-24-B4.5,800,2024-03-22T21:03:30.6047Z,8,92,yes
971,9610ac76-f004-497b-b9f8-db9f0c8620d9,ACPI-24-B4.5,100,2024-03-15T14:20:54.025726Z,3,97,no
972,4b9a1b3a-314a-4c7c-a23d-6f62b7725222,ACPI-24-B4.5,100,2024-03-15T14:20:53.900876Z,6,94,no
973,b88a4dd4-5e4a-4b2b-9d38-1a1a751c7cc1,ACPI-24-B4.5,2399,2024-03-15T13:46:33.961433Z,9,91,no
974,d25366e8-ec2e-4481-871b-55d9e3808d43,ACPI-24-B4.5,10,2024-03-15T12:57:43.501654Z,6,94,yes
975,ad903f38-ac4a-4371-8cda-a54c693f505a,ACPI-24-B4.5,97,2024-03-15T12:57:43.501654Z,7,93,yes
976,27752204-b986-468c-aa43-c3882e8e8ff5,ACPI-24-B4.5,3,2024-03-15T12:57:43.501654Z,7,93,yes
977,de0e957d-2ffa-4c5b-9994-26d20770ffb1,ACPI-24-B4.5,35,2024-03-15T12:21:18.431387Z,5,95,no
978,aae74994-9dbc-4745-8d38-07de289147b7,ACPI-24-B4.5,102,2024-03-15T12:17:56.130601Z,5,95,no
979,fa511038-35ec-420f-a5e8-d87ee8fb5dcc,ACPI-24-B4.5,224,2024-03-15T12:17:29.385282Z,5,95,no
980,c158df15-ff33-4064-b59c-08e1212efb5a,ACPI-24-B4.5,21,2024-03-15T12:17:22.881954Z,5,95,no
981,746ce227-0e45-4726-84af-719130c97fdf,ACPI-24-B4.5,379,2024-03-15T12:17:20.417719Z,5,95,no
982,fb87f185-474f-46a9-a078-07c201dcd9c4,ACPI-24-B4.5,304,2024-03-15T12:17:14.205754Z,5,95,yes
983,8342418e-9fe4-4897-ae37-bb13b45ec7d3,ACPI-24-B4.5,179,2024-03-15T12:17:11.133489Z,5,95,no
984,919ae842-5941-4817-a64b-c4aa5cbfd498,ACPI-24-B4.5,351,2024-03-15T12:17:11.045184Z,5,95,no
985,1ceba6ed-6996-4c2f-9e26-9b0202c56fa8,ACPI-24-B4.5,494,2024-03-15T12:17:03.386766Z,5,95,no
986,338ceae2-62fa-42d8-b0e4-7d8d79eaa37a,ACPI-24-B4.5,495,2024-03-15T12:17:03.046473Z,5,95,no
987,d1eb1315-4960-4fbb-a9b8-ba5a9aa0c33d,ACPI-24-B4.5,1,2024-03-13T18:56:42.45892Z,3,97,no
988,ae784715-a677-43e6-9a19-34b1c47d16cb,ACPI-24-B4.5,9,2024-03-12T20:03:22.400592Z,4,96,yes
989,04455a8a-eabe-455f-a74b-55ce9b5b27be,ACPI-24-B4.5,9,2024-03-12T19:55:06.879048Z,4,96,yes
990,969ab952-2d35-4743-9d3b-7dcf1a123fd8,ACPI-24-B4.5,52,2024-02-28T19:39:21.976847Z,5,95,yes
991,8389323d-dd09-4f75-a62e-e89a4d126bb7,ACPI-24-B4.5,10,2024-02-28T19:39:21.976847Z,4,96,yes
992,4225b451-fe86-4992-8e6c-99c64097379a,ACPI-24-B4.5,18,2024-02-28T19:27:11.690059Z,3,97,no
993,8af91af9-6449-4746-a471-b9780ba71f3b,ACPI-24-B4.5,14,2024-02-26T16:52:58.559101Z,3,97,no
994,95687031-14c5-4815-abc2-f391ef03d463,ACPI-24-B4.5,14,2024-02-26T16:52:58.549134Z,3,97,no
995,27edf6a3-3a89-4f0c-922d-c0d08fc2f70b,ACPI-24-B4.5,17,2024-02-26T16:23:10.756908Z,3,97,no
996,d62208be-c3d4-4526-ac56-de29225780e7,ACPI-24-B4.5,17,2024-02-26T16:20:13.019088Z,3,97,no
997,458239bd-a99a-4b43-8113-719c875098db,ACPI-24-B4.5,32,2024-02-26T15:57:26.860656Z,3,97,no
998,491e1e71-96ea-4b0e-b3be-dd8084ec78b7,ACPI-24-B4.5,10,2024-02-26T15:42:17.162753Z,4,96,no
999,3341f1f4-302e-4e0f-bc45-cbca655a170a,ACPI-24-B4.5,119,2024-02-23T01:25:48.21505Z,5,95,yes
1000,0b4a920a-8bee-4bf4-885d-75abfcf33e87,ACPI-24-B4.5,1,2024-02-21T16:58:53.947386Z,3,97,yes
1001,4a76a475-f185-4a60-8782-4e87b40a68dd,ACPI-24-B4.5,19,2024-01-30T17:39:45.899803Z,4,96,no
1002,a82cff76-58c5-45c9-b73f-dc2eac317f50,ACPI-24-B4.5,3,2024-01-30T02:39:38.627484Z,6,94,yes
1003,1b3dca65-412e-4fc0-88c8-14c38d35f823,ACPI-24-B4.5,10,2024-01-30T00:11:31.794495Z,4,96,no
1004,0f049c07-7aba-49db-be51-18b9635ff941,ACPI-24-B4.5,3,2024-01-27T20:17:59.627393Z,6,94,no
1005,49d7f049-76b8-48fc-9e1e-5f83de0c0e03,ACPI-24-B4.5,3,2024-01-26T14:29:09.56493Z,7,93,yes
1006,477afa12-4831-43d1-af38-77ed7ef0f4c1,ACPI-24-B4.5,10,2024-01-26T14:23:13.985324Z,6,94,yes
1007,2d958d86-8e19-44dd-a322-a0fb2b7eba45,ACPI-24-B4.5,1,2024-01-22T19:42:12.75063Z,4,96,no
1008,13da7058-d9cc-4247-9fad-547e0aad4c65,ACPI-24-B4.5,100,2024-01-19T20:50:58.180564Z,6,94,no
1009,342f007e-4c6f-4b09-aa56-13b4ec450e36,ACPI-24-B4.5,26,2024-01-11T14:50:36.054465Z,7,93,yes
1010,ecfa78ab-fad0-4e71-bb30-f3ca4cac89a3,ACPI-24-B4.5,3,2024-01-05T22:51:48.496544Z,9,91,yes
1011,ca215987-ad2f-4b36-a881-70470300c468,ACPI-24-B4.5,100,2024-01-05T22:51:48.496544Z,9,91,yes
1012,31996cf1-a438-4759-b1cf-b748ea7ae4d4,ACPI-24-B4.5,1,2024-01-05T22:51:48.496544Z,8,92,yes
1013,e0301a0f-52a7-4279-9727-c6df7d0c19fa,ACPI-24-B4.5,75,2023-12-23T22:57:06.009545Z,9,91,yes
1014,b4b95890-f00e-4622-aafa-0a9a3c924d9b,ACPI-24-B4.5,75,2023-12-23T22:57:06.009545Z,10,90,yes
1015,8219d76f-c59e-470c-bcbc-e67f6c198784,ACPI-24-B4.5,150,2023-12-23T22:57:06.009545Z,8,92,yes
1016,3e4f8be2-b159-40b7-bd75-b222b1cd27ba,ACPI-24-B4.5,25,2023-12-23T22:57:06.009545Z,8,92,yes
1017,25ba2ff1-a88e-4500-880e-38d1a0b08201,ACPI-24-B4.5,187,2023-12-23T22:57:06.009545Z,10,90,yes
1018,7be8a8f0-c3b3-4f47-885e-311c0179f999,ACPI-24-B4.5,150,2023-12-21T23:25:55.608415Z,9,91,yes
1019,59dc2aff-4527-4dc5-a427-60148d80ee6d,ACPI-24-B4.5,300,2023-12-21T23:25:30.148137Z,9,91,yes
1020,ec3fce39-1fb4-47db-9bc5-14ff3688d2bf,ACPI-24-B4.5,240,2023-12-21T23:25:08.126527Z,8,92,yes
1021,cbeda13b-1838-42fb-b2b8-79b508439262,ACPI-24-B3.5,2,2025-01-11T20:13:00.280789Z,29,71,yes
1022,4ff37a58-2faf-4b6d-8e70-be70d27256fa,ACPI-24-B3.5,65,2025-01-10T22:41:50.739472Z,25,75,no
1023,212d05d8-51e4-449d-8484-0c3a841c56d3,ACPI-24-B3.5,6,2025-01-10T20:55:22.133537Z,25,75,no
1024,192d40fb-f694-4eed-9749-d7d2a28ae55c,ACPI-24-B3.5,60,2025-01-09T18:49:16.340814Z,18,82,no
1025,f8f4939b-26d3-4b1f-8b46-4f678c047561,ACPI-24-B3.5,136,2025-01-09T18:38:54.885048Z,22,78,no
1026,980f8fbd-cdd9-4b58-932d-ff5b11bda21c,ACPI-24-B3.5,354,2025-01-09T18:38:54.885048Z,21,79,no
1027,82de0bce-49f0-4505-b0c7-99a337f0f55a,ACPI-24-B3.5,2,2025-01-09T18:38:54.885048Z,21,79,no
1028,e04e351c-0264-4740-b2a1-f2062a6a7019,ACPI-24-B3.5,20,2025-01-09T07:22:05.516079Z,24,76,yes
1029,d3efbe32-4b32-42eb-ad11-2996fc312770,ACPI-24-B3.5,50,2025-01-08T20:23:55.182388Z,24,76,yes
1030,6eccb03b-e928-4f15-bfff-e6210c0ddead,ACPI-24-B3.5,51,2025-01-08T20:23:20.176006Z,23,77,yes
1031,9046a684-b39d-4338-912f-ef42e6729ee2,ACPI-24-B3.5,287,2025-01-08T13:22:09.774848Z,23,77,yes
1032,6a720010-797d-4003-86b8-c3b3d05a9835,ACPI-24-B3.5,5,2025-01-06T16:30:25.091252Z,23,77,yes
1033,5b566835-4dd2-4f35-94c9-fd9666d31c38,ACPI-24-B3.5,27,2025-01-06T16:30:25.091252Z,23,77,yes
1034,38f825a2-6268-43ee-b025-75a988c42149,ACPI-24-B3.5,9,2025-01-06T16:30:25.091252Z,22,78,yes
1035,c6e2313a-147c-4e6e-b311-03a9fc60c4c2,ACPI-24-B3.5,1,2025-01-06T16:27:31.264876Z,22,78,yes
1036,53e1586a-91cd-4e7c-a525-117447a7111e,ACPI-24-B3.5,1,2025-01-06T13:17:52.998197Z,21,79,yes
